2028 3418
645 815 1135 882 PROOEMIUM.

103 1090 416 1163 Statuentem
470 1129 547 1163 me
596 1113 826 1164 Bonifatii
872 1112 1095 1179 Lullique
1146 1114 1375 1180 epistolas
1422 1132 1519 1166 una
1565 1133 1674 1167 cum

99 1208 300 1274 reliquis
354 1209 456 1259 fere
516 1210 738 1260 omnibus
794 1211 1118 1260 monumentis
1175 1210 1235 1260 ad
1291 1212 1674 1263 ecclesiasticum

101 1303 388 1355 Germaniae
427 1310 574 1372 caput
611 1306 940 1372 spectantibus
968 1307 1080 1356 huic
1106 1307 1249 1356 tertio
1275 1307 1510 1358 volumini
1535 1325 1671 1359 man-

100 1399 215 1451 dare
262 1402 481 1467 quamvis
526 1402 724 1452 minime
761 1403 959 1466 fugerit,
1006 1418 1168 1452 rerum
1206 1404 1430 1466 gravitati
1465 1406 1672 1456 maxime

100 1497 162 1547 ob
200 1497 524 1548 subsidiorum
562 1498 944 1548 adhibendorum
983 1504 1031 1548 et
1065 1499 1420 1549 multitudinem
1458 1505 1505 1550 et
1530 1501 1670 1551 dissi-

98 1594 345 1659 pationem
390 1610 709 1661 responsuras
758 1610 865 1644 esse
912 1595 1090 1645 laboris
1138 1595 1463 1658 difficultateS‚
1510 1601 1670 1647 tamen

98 1690 439 1740 florentissima
474 1691 567 1740 hoc
605 1694 823 1756 tempore
863 1691 1195 1741 universarum
1232 1707 1389 1757 paene
1415 1692 1670 1743 bibliothe-

101 1801 265 1836 carum
295 1786 580 1836 liberalitate
607 1787 817 1837 confisus
843 1803 962 1836 sum.
1017 1787 1192 1852 Neque
1218 1803 1355 1854 spem
1380 1804 1550 1850 meam,
1589 1791 1672 1855 qui

97 1881 306 1948 publicis
350 1882 583 1932 librorum
621 1883 776 1949 copiis
813 1888 1064 1949 praesunt,
1113 1888 1317 1950 excepta
1353 1901 1450 1934 una
1486 1886 1669 1951 asperi-

97 1981 194 2028 tate
244 1978 472 2039 obscura‚
521 1979 807 2029 fefellerunt.
874 1979 982 2029 Non
1031 1980 1159 2029 enim
1205 1980 1349 2030 modo
1394 1981 1445 2030 in
1484 1981 1670 2032 duobus

99 2090 335 2124 annorum
365 2078 498 2125 1863
540 2080 588 2124 et
622 2079 754 2126 1865
796 2075 1048 2125 itineribus
1088 2076 1147 2125 ad
1186 2076 1376 2126 divitias
1412 2077 1668 2128 bibliothe-

99 2186 263 2221 carum
308 2171 751 2232 BruxellensiS‚
803 2172 849 2222 S.
882 2171 1091 2222 Crucis
1135 2189 1290 2238 prope
1316 2172 1669 2236 Vindobonam‚

96 2266 655 2327 FrancofurtensiS,
716 2268 763 2318 S.
803 2267 983 2328 Galli,
1044 2268 1450 2330 MonacensiS,
1500 2269 1667 2319 Pom-

96 2363 550 2413 mersfeldensis
590 2364 770 2413 aditum
806 2364 1086 2414 facillimum
1116 2365 1276 2426 habui,
1315 2381 1483 2415 verum
1510 2366 1667 2427 etiam,

99 2459 181 2525 qui
222 2459 333 2509 libri
377 2475 522 2509 manu
562 2460 730 2526 scripti
767 2461 1037 2524 longiorem
1073 2461 1386 2526 requirebant
1422 2462 1666 2535 tractatio-

96 2571 222 2616 nem,
262 2571 346 2606 eos
378 2556 429 2605 in
454 2572 621 2606 museo
648 2573 757 2606 meo
783 2557 1089 2606 Berolinensi
1116 2557 1477 2623 expeditissime
1503 2558 1667 2622 legere

95 2651 244 2702 licuit.
303 2651 425 2702 Nam
472 2653 685 2716 benigno
736 2669 1030 2703 summorum
1079 2654 1218 2717 regni
1263 2653 1416 2703 nostri
1463 2653 1665 2704 admini-

97 2751 304 2798 strorum
351 2749 623 2798 interventu
661 2749 862 2814 pretiosi
900 2749 1011 2799 libri
1049 2749 1451 2799 bibliothecarum
1490 2749 1664 2801 Caesa-

95 2859 209 2894 reae
255 2843 755 2894 Vindobonensis
813 2850 860 2894 et
908 2845 1369 2895 Carlsruhensis
1425 2848 1667 2912 apportati

97 2943 229 3000 sunt,
280 2943 327 2988 et
373 2944 625 3005 praeterea
672 2956 865 3006 quoque
911 2942 1003 2990 viri
1051 2941 1382 2991 humanissimi
1420 2943 1665 2992 mittendis
