2028 3386
350 206 432 249 184
636 217 670 247 s.
695 216 928 247 BonmA'rn
958 217 1016 246 ET
1046 217 1182 247 LULLI
1211 216 1459 256 EPISTOLAE
1490 216 1611 246 64—66

186 316 252 351 747
344 311 437 354 cula
468 314 648 365 nostra³,
680 309 752 353 ubi
783 323 888 366 opus
919 309 985 353 sit.
1032 309 1089 353 Et
1110 310 1160 353 de
1182 310 1386 365 omnibus,
1418 310 1669 365 ubicumque
1688 310 1806 355 vobis
1825 317 1898 354 no-

117 365 320 403 p⁰StA⁰g‘¹3
345 401 459 431 cesse
490 387 557 442 sit,
590 387 824 430 Tatwinum
859 387 1052 431 abbatem
1081 388 1353 442 interrogate3
1393 390 1434 430 et
1464 387 1751 442 quodcumque
1781 387 1900 432 vobis

343 465 540 519 insinuet,
572 464 650 507 hoc
679 464 816 507 facite.
923 463 980 507 Et
1009 478 1116 508 unus
1149 466 1324 520 quisque
1355 464 1521 507 studeat
1541 464 1768 508 secundum
1789 464 1899 508 vires

343 554 460 595 suas,
503 544 544 583 et
578 541 771 597 proprios
802 554 938 584 mores
969 542 1013 584 in
1045 542 1237 584 castitate
1268 554 1513 584 conservare
1545 545 1587 584 et
1615 542 1660 584 in
1689 542 1899 585 communi

342 617 430 660 vita
467 621 608 660 vestra
646 618 824 660 alterum
860 618 1058 662 adiuvare
1089 622 1131 662 et
1158 620 1203 662 in
1233 619 1421 662 fraterna
1450 619 1624 662 caritate
1654 631 1900 675 permanere

341 707 472 749 usque
510 694 562 737 ad
592 695 874 751 praesentiam
905 696 1155 739 reversionis
1186 700 1353 739 nostrae
1384 696 1429 738 in
1459 695 1539 739 Dei
1570 695 1797 739 voluntate.
1820 720 1822 723 ·
1842 694 1901 739 Et

340 774 440 814 tunc
471 771 609 826 simul,
641 771 859 815 laudantes
882 772 1122 828 Dominum,
1155 774 1199 815 in
1231 773 1422 816 omnibus
1448 772 1512 816 cib
1533 773 1690 827 gratias
1712 785 1897 828 agamus.

342 847 487 891 Valete
518 849 562 891 in
594 848 772 892 Christo.
1871 854 1873 856 ’

345 954 425 999 65.
463 954 648 1008 Quidam
679 956 938 998 Andhunum
978 957 1200 1013 efflayitat,
1242 966 1288 1000 ut
1318 973 1338 999 e
1368 957 1518 999 Fresia
1548 959 1790 1000 vestimenta
1819 952 1902 1000 eibi

459 1029 607 1069 mittat.
674 1027 860 1080 Quaerit,
899 1036 1039 1070 utrum
1070 1029 1127 1070 ad
1158 1029 1342 1085 Pippini
1370 1030 1576 1085 synodum
1607 1045 1663 1070 an
1695 1029 1752 1071 ad
1781 1028 1899 1071 Dro-

457 1113 607 1154 9onem
638 1113 680 1140 se
712 1099 931 1142 contulerit
961 1099 1244 1154 Bomfatiusffi
1420 1098 1466 1151 (S
1488 1100 1559 1153 42,
1591 1097 1644 1142 W
1667 1100 1735 1154 77,
1769 1097 1806 1142 G
1826 1099 1900 1152 67)

189 1190 255 1226 747
459 1186 743 1229 Dilectissimo
774 1187 817 1229 in
851 1186 1015 1230 Christo
1047 1188 1234 1231 caritatis
1266 1188 1431 1231 vinculo
1462 1188 1615 1231 nodato
1648 1188 1759 1244 patri
1782 1187 1900 1230 And-

117 1240 327 1269 emnteamm
341 1263 452 1306 huno
484 1264 730 1307 visceralem
761 1264 950 1306 salutem.

460 1339 595 1391 Quare
626 1354 710 1383 non
749 1341 1022 1384 transmisisti
1059 1341 1329 1396 vestimenta,
1370 1355 1475 1396 quae
1513 1341 1694 1385 debuisti
1732 1342 1900 1385 mittere

341 1417 392 1460 de
423 1416 670 1460 Fresarumd
692 1418 933 1474 provincia?
980 1418 1100 1461 Nunc
1132 1432 1206 1474 per
1229 1418 1365 1461 Deum
1397 1419 1726 1475 omnipotentem
1751 1419 1901 1462 extim-

341 1494 434 1550 plo⁴³
455 1494 534 1549 fac,
567 1498 614 1536 ut
645 1495 825 1537 veniant.
918 1495 1060 1537 Indica
1091 1495 1209 1538 nobis
1243 1495 1399 1550 aliquid
1426 1496 1476 1538 de
1498 1497 1693 1552 episcopo
1713 1492 1898 1539 nostro¹:

342 1584 395 1613 an
434 1571 487 1613 ad
525 1571 730 1627 synodum
767 1569 906 1614 ducis²
939 1572 1257 1615 occidentalium
1289 1573 1600 1628 provinciarum
1631 1573 1899 1630 perrexisset,

343 1661 396 1690 an
428 1648 480 1690 ad
510 1645 665 1690 filium³
689 1646 993 1691 Carlomanni⁴‚
1041 1649 1098 1691 Et
1119 1663 1194 1705 per
1219 1649 1440 1705 epistolam
1461 1650 1580 1692 nobis
1602 1650 1797 1694 rescribe.
1845 1650 1901 1693 Et

341 1724 451 1767 hunc
480 1728 723 1781 pergentem
755 1726 948 1768 nuntium
980 1726 1132 1768 iterum
1165 1727 1245 1769 cito
1276 1730 1451 1781 reverte,
1484 1727 1652 1770 nomine
1674 1726 1898 1770 Hartleih‘.

343 1801 503 1852 Quaeso
536 1805 592 1854 te,
625 1802 805 1857 domine,
838 1806 885 1844 ut
915 1803 1044 1845 facias
1078 1817 1172 1846 eum
1203 1803 1288 1845 illic
1319 1806 1558 1846 manentem
1587 1805 1676 1848 sine
1695 1803 1838 1848 labore
1860 1807 1901 1848 et

341 1879 422 1921 huc
452 1882 708 1934 pergentem.
755 1879 922 1933 Valete,
956 1893 978 1921 o
1009 1879 1132 1922 flores
1165 1880 1400 1924 aecclesiae.
1447 1880 1504 1923 Et
1533 1884 1648 1925 orate
1668 1895 1745 1938 pro
1766 1881 1899 1937 nobis,

343 1958 384 1998 et
414 1969 490 1997 nos
521 1969 597 2011 pro
629 1955 767 2009 vobis3
800 1960 847 1998 ut
876 1970 960 2012 pax
993 1955 1149 1999 Christi
1179 1962 1347 2001 maneat
1376 1959 1419 2001 in
1450 1959 1583 2002 nobis.
1630 1958 1780 2002 Amen.

347 2061 426 2106 66.
460 2063 697 2104 Zacharias
726 2078 845 2119 papa
868 2063 1088 2118 Bonifatio
1120 2066 1340 2120 respondet
1371 2067 1421 2107 de
1445 2067 1703 2122 baptismate,
1737 2067 1787 2108 de
1801 2066 1899 2121 fal-

461 2136 518 2175 sis
550 2135 845 2187 sacerdotibus,
880 2136 929 2176 cle
962 2135 1182 2192 Sanpsooze
1215 2136 1369 2179 Scotto.
1432 2138 1538 2179 Eius
1571 2139 1620 2180 de
1639 2139 1728 2192 fide
1760 2138 1899 2180 catho-

465 2205 546 2246 lica
579 2205 735 2246 litteras
769 2206 926 2248 laudat.
990 2206 1064 2248 Ad
1093 2207 1303 2249 Franciae
1345 2217 1382 2250 et
1416 2207 1583 2252 Galliae
1622 2209 1800 2251 concilia
1831 2224 1899 2251 sa-

464 2277 605 2317 cerdos
638 2290 682 2317 eo
714 2278 807 2318 vivo
840 2293 866 2318 a
897 2291 939 2318 se
969 2279 1169 2330 mittatur,
1202 2293 1360 2320 necesse
1390 2294 1474 2321 non
1505 2294 1600 2322 esse.
1662 2280 1731 2321 De
1760 2279 1899 2336 Virqi-

465 2347 520 2389 lio
562 2355 599 2389 et
631 2346 832 2397 Sidoni03
873 2349 923 2389 de
954 2347 1127 2390 Colonia
1168 2358 1205 2392 ec
1234 2351 1469 2405 Mayontia.
1534 2350 1819 2394 successorem
1855 2359 1902 2393 ut

463 2419 546 2460 sibi
575 2420 814 2471 constituat,
843 2421 1085 2474 permittit&
1390 2420 1435 2473 (S
1462 2422 1558 2475 140,
1590 2420 1643 2464 W
1664 2423 1733 2476 82,
1766 2420 1803 2464 G
1827 2423 1898 2474 71)

235 2507 302 2560 748
463 2500 815 2543 Reverentissimo
855 2505 896 2544 et
933 2502 1195 2544 sanctissimo
1233 2503 1353 2545 fratri
1384 2503 1616 2546 Bonifatioh
1655 2503 1898 2560 coepiscopo

219 2554 286 2584 M³¹'
305 2556 319 2584 ¹
344 2576 566 2619 Zacharias
599 2591 743 2620 servus
776 2591 990 2621 servorum
1021 2578 1112 2621 Dei.

441 2680 467 2699 a.
496 2683 570 2700 corr.
593 2674 622 2701 ίιι
645 2672 839 2701 domunculas
861 2673 980 2702 nostras
1005 2674 1037 2702 C.
1126 2672 1155 2701 b.
1183 2684 1239 2702 om.
1264 2675 1296 2702 C.
1383 2682 1407 2703 c.
1436 2685 1473 2702 ea:
1497 2675 1523 2704 C
1543 2674 1627 2704 1081>
1642 2675 1747 2711 —109‚
1773 2675 1805 2704 V
1821 2675 1895 2706 250.

346 2726 520 2753 Lemmata.-
555 2723 691 2762 Epistola
718 2725 756 2754 ad
783 2725 965 2754 Andhunum
994 2725 1106 2763 scripta
1136 2728 1176 2762 Ο,-
1212 2725 1286 2755 Item
1316 2726 1445 2763 epistola
1469 2727 1504 2756 V.
1608 2727 1637 2756 d.
1665 2727 1840 2757 Fraesarum
1864 2729 1897 2758 C.

347 2785 372 2804 e.
400 2776 558 2814 exstimplo
584 2778 619 2806 V.
724 2777 744 2806 f.
774 2777 910 2807 Hartleih
935 2779 971 2812 V,
998 2778 1143 2807 Hardleih
1167 2780 1199 2809 C.
1304 2787 1331 2816 g.
1361 2790 1398 2807 ex
1420 2781 1456 2808 M
1477 2779 1679 2814 4011—4722,
1708 2782 1735 2810 C
1755 2780 1897 2809 29—34.

346 2829 415 2857 Sine
436 2829 571 2857 lemmate
586 2832 624 2858 M
628 2842 638 2865 ‚·
662 2829 797 2867 Epistola
812 2830 973 2859 Zachariae
995 2839 1091 2869 papae
1107 2830 1144 2859 ad
1159 2832 1295 2860 sanetum
1309 2831 1490 2861 Bonifatium
1510 2834 1542 2862 C.
1626 2831 1655 2861 h.
1677 2825 1836 2869 boniphati
1852 2835 1897 2862 M.

442 2891 473 2925 1.
506 2890 698 2926 Bonifatio.
802 2893 834 2927 2.
866 2893 1018 2937 Pippini,
1047 2895 1176 2937 postea
1199 2893 1306 2938 regis.
1403 2894 1436 2928 3.
1461 2894 1680 2938 Drogonem.
1776 2895 1810 2929 4.
1836 2894 1898 2939 qui

346 2958 439 2985 anno
466 2950 531 2984 747
558 2949 594 2983 in
619 2951 877 2986 monasterium
901 2952 1061 2987 recessit.
