2028 3380
418 210 679 241 camsi-mm
710 211 976 242 01111οΝ10οΝ
1009 211 1319 242 MOGUNTINUM
1556 198 1641 241 699

86 304 343 362 gaudebant3
376 308 607 362 sperantes,
639 319 787 363 pacem
818 305 942 350 rebus
965 306 1070 362 dari,
1101 306 1285 350 maxime
1306 305 1404 362 quia
1423 305 1534 349 idem
1556 305 1643 349 bel·
1670 311 1760 346 1249

86 382 178 427 licis
208 381 333 427 rebus
364 396 448 426 non
479 383 618 427 fuerat
649 387 853 428 assuetus.
899 383 1041 427 Etiam
1072 385 1143 440 qui
1172 385 1345 440 negocio
1375 383 1542 426 fuerant
1563 383 1644 426 ini-

85 460 205 516 mici,
242 460 587 516 congratulantur
624 461 676 505 ei.
799 460 881 504 Sed
920 474 1004 504 non
1044 463 1161 506 stetit
1198 462 1271 505 diu
1310 463 1355 505 in
1386 461 1641 518 episcopatu.

86 537 320 582 Accusatur
358 539 470 582 enim
510 539 622 596 apud
659 552 816 596 papam
830 536 860 582 ¹:
900 539 1011 595 quod
1047 540 1215 582 omnino
1246 539 1406 582 inutilis
1439 542 1549 582 esset
1579 552 1646 582 ec-

86 607 258 671 clesiae,
298 619 340 660 et
376 616 487 673 quod
517 620 711 660 evocatus
743 617 797 660 ad
827 616 1112 674 expeditiones
1142 618 1253 672 regis
1283 617 1438 660 invitus
1470 617 1642 660 veniret.

87 692 179 738 Hoc
209 697 350 738 autem
379 708 525 738 verum
558 698 670 750 erat,
703 708 751 738 eo
783 694 894 750 quod
923 692 1071 738 fierent
1100 694 1315 749 incendia,
1348 695 1552 738 sectiones
1582 694 1645 737 vi-

87 784 276 827 nearum,
309 771 616 816 devastationes
643 775 844 827 segetum.
892 771 1070 815 Dicebat
1090 772 1258 826 etenim,
1289 786 1553 828 nequaquam
1574 772 1646 815 de-

87 862 182 894 cere
210 849 314 894 talia
344 850 615 894 sacerdotem.
663 849 744 894 Sed
778 850 975 906 quicquid
1007 850 1177 894 deberet
1206 864 1282 907 per
1312 849 1497 905 gladium
1521 849 1646 905 spiri-

87 930 178 984 tus,
218 927 329 984 quod
367 931 432 972 est
460 927 635 972 verbum
663 927 764 983 Dei,
803 928 1039 971 omnimode
1078 941 1123 972 se
1159 931 1400 984 promptum
1433 927 1647 970 asserebat

89 1008 132 1049 et
159 1004 443 1049 voluntarium
481 1006 740 1050 servitorem.
787 1005 977 1062 Cumque
1008 1006 1096 1049 eius
1127 1005 1496 1062 praedecessorum
1527 1004 1645 1060 sequi

88 1083 267 1139 vestigia
294 1086 548 1139 moneretur,
579 1083 816 1140 respondit:
852 1083 1068 1141 Scriptum
1099 1092 1177 1127 est:
1210 1084 1367 1136 „Mitte
1386 1085 1578 1141 yladium
1598 1085 1645 1126 in

87 1157 358 1219 vayimm‘st.
403 1161 468 1206 Ob
505 1161 584 1205 hoc
621 1162 666 1205 111
697 1162 839 1205 odium
870 1161 981 1216 regis
1013 1164 1055 1205 et
1083 1161 1312 1205 multorum
1341 1161 1490 1204 incidit
1518 1160 1645 1203 laico-

86 1252 194 1283 rum.
315 1238 395 1291 Qui
429 1253 574 1283 omnes
605 1253 701 1283 eum
732 1243 975 1283 accusantes
1008 1239 1119 1296 apud
1149 1253 1324 1296 papam,
1362 1239 1645 1293 obtinuerunt,

87 1329 184 1362 eum
228 1316 282 1361 ab
325 1317 569 1375 episcopatu
614 1318 728 1361 omni
775 1318 1025 1362 submoveri.
1088 1317 1226 1361 Cessit
1270 1331 1368 1373 ergo
1413 1330 1521 1361 anno
1559 1316 1646 1361 Do·
1672 1325 1760 1361 1251

87 1394 193 1439 mini
225 1396 352 1439 1251.

207 1471 468 1517 Substitutus
506 1476 571 1517 est
606 1476 747 1517 autem
779 1474 830 1518 ab
862 1473 1008 1517 eodem
1038 1473 1176 1529 legato
1209 1474 1448 1518 adolescens
1481 1474 1648 1518 subdia-

87 1563 230 1607 conus,
262 1548 529 1595 Gerhardus³
549 1551 732 1607 nomine,
765 1551 876 1595 filius
908 1552 1072 1595 comitis
1102 1552 1297 1608 Conradi,
1331 1553 1402 1609 qui
1433 1553 1649 1596 dicebatur

88 1628 303 1687 Sylvester
347 1642 499 1674 comes.
620 1629 743 1673 Hunc
782 1633 921 1674 autem
959 1630 1176 1674 substituit
1213 1631 1334 1687 Hugo
1349 1628 1385 1650 ¹³⁴
1422 1631 1648 1675 cardinalis

87 1707 307 1765 presbyter
337 1711 379 1752 et
406 1707 583 1763 legatus,
614 1707 811 1751 inductus
843 1722 868 1751 a
899 1709 1079 1764 quodam
1106 1707 1311 1753 Henrico⁵
1333 1709 1646 1767 archiepiscopo

86 1785 482 1842 Herburgdunensi,
523 1787 594 1843 qui
633 1787 770 1830 socius
801 1789 893 1830 erat
920 1786 1055 1844 ipsius
1086 1787 1227 1842 legati.
1273 1786 1361 1831 Nec
1394 1790 1537 1831 tamen
1567 1788 1647 1832 hoc

86 1865 179 1922 ipse
214 1864 422 1908 Heni-icus
465 1865 804 1922 archiepiscopus
843 1865 1054 1908 consuluit
1091 1865 1181 1909 sine
1219 1878 1357 1909 causa.
1414 1866 1649 1923 Acceperat

87 1942 201 1987 enim
229 1942 397 2006 occulte
421 1943 620 1987 ducentas
651 1943 844 1987 marchas
874 1943 1077 2000 pecuniae
1105 1946 1349 1987 numeratae
1371 1958 1395 1987 a
1416 1943 1645 2000 Gerhardo,

49 2055 54 2060 .
88 2034 211 2078 quem
247 2020 361 2064 idem
399 2021 737 2079 archiepiscopus
773 2021 939 2065 institui
977 2021 1230 2078 procuravit.
1283 2021 1396 2065 Nihil
1438 2026 1644 2079 opertum,

87 2099 199 2156 qued
227 2113 311 2143 non
333 2097 577 2144 reveletur⁶.
624 2099 798 2143 Praeter
817 2099 893 2143 has
915 2102 1055 2142 autem
1077 2099 1278 2143 ducentas
1298 2100 1489 2143 marchas
1509 2101 1644 2144 factae

86 2180 186 2222 sunt
214 2177 517 2222 destructiones
547 2177 705 2221 multae
735 2178 935 2221 ecclesiae
964 2177 1310 2233 Maguntinensis.

182 2282 210 2304 ⁸-
237 2273 324 2312 Hugo
346 2285 402 2304 om.
426 2273 492 2311 ed.,·
519 2274 627 2314 legitur
648 2275 678 2303 ἰη
700 2275 731 2303 Τ.

182 2339 215 2374 1.
239 2337 491 2374 Innocentium
507 2337 572 2374 IV.
641 2330 648 2337 ”
668 2338 701 2373 2.
726 2336 802 2373 1011.
823 2337 878 2382 18,
898 2337 953 2372 11.
1042 2337 1075 2372 3.
1101 2337 1129 2372 Ι.
1214 2337 1248 2373 4.
1274 2337 1381 2383 Hugo
1399 2336 1444 2372 de
1463 2336 1499 2372 S.
1515 2335 1644 2383 Charo,

85 2409 140 2444 pr.
165 2397 264 2434 card.
289 2398 345 2434 tit.
370 2396 407 2434 S.
426 2396 601 2444 Sabinae,
634 2396 679 2432 de
705 2407 776 2442 quo
802 2407 837 2432 v.
863 2395 989 2439 Quetif
1009 2398 1046 2432 et
1069 2396 1214 2432 Echard
1239 2396 1370 2442 Script.
1396 2396 1472 2432 ord.
1499 2396 1644 2432 Praedi-

86 2460 250 2494 catorum
273 2457 291 2493 1
308 2457 388 2494 194.
469 2457 502 2493 5.
536 2457 693 2493 Henrico
719 2456 764 2492 de
782 2456 941 2502 Secusia,
968 2456 1030 2501 qui
1053 2455 1122 2492 fuit
1145 2466 1203 2502 ep.
1222 2455 1470 2492 Sistaricensis
1488 2455 1533 2491 ab
1553 2456 1642 2491 1241

86 2527 170 2553 —c.
189 2517 294 2564 1250,
320 2516 477 2564 archiep.
494 2516 766 2552 Ebredunensis
783 2527 804 2552 a
821 2528 852 2552 c.
871 2517 974 2562 1250,
1000 2526 1057 2562 ep.
1076 2515 1252 2552 Ostiensis
1270 2515 1315 2552 ab
1334 2527 1365 2551 a.
1383 2516 1484 2562 1263,
1503 2518 1540 2551 01
1555 2515 1645 2551 obiit

85 2587 119 2613 a.
137 2577 241 2614 1271.
278 2576 336 2614 De
360 2587 432 2624 quo
456 2588 492 2613 v.
519 2576 612 2612 Hist.
636 2576 746 2612 litter.
771 2575 859 2611 XIX
877 2576 959 2612 428.
1080 2576 1112 2612 6.
1144 2576 1232 2611 Luc.
1252 2576 1307 2622 12,
1325 2576 1358 2612 2.
