2028 3386
383 243 439 286 38
685 253 719 283 S.
742 252 975 283 BONIFATII
1004 253 1062 282 ET
1092 253 1228 283 LULLI
1256 251 1503 282 EPISTOLAE
1541 251 1569 282 5.
1591 251 1639 282 61

188 355 272 388 ante
290 353 358 388 706
384 348 522 391 visum
544 350 627 390 est:
660 359 827 389 omnem
846 345 938 400 tibi,
969 349 1116 402 utpute
1136 346 1260 402 patri,
1291 358 1479 389 mearum
1499 345 1735 389 litterarum
1756 344 1935 388 editiun-

312 1646 350 1674 10

314 2027 352 2057 15

317 2411 355 2440 20

384 424 545 468 culam*²
584 424 768 479 primum
798 422 986 479 pandens
1016 423 1302 479 propalarem3
1342 425 1566 477 quatenUS,
1605 425 1769 465 vestrae
1806 420 1935 465 subli-

382 500 542 543 mitatis
589 499 797 555 probabili
840 499 1015 542 rationis
1055 499 1208 542 iudicio
1248 499 1503 556 conprobata
1541 502 1584 542 et
1620 498 1674 541 ad
1713 498 1935 553 aequitatis

381 576 618 619 normulam
649 576 855 630 derivata,
889 575 1080 619 omnibus
1112 575 1306 632 deinceps
1336 575 1538 619 lectorum
1566 574 1936 618 numerositatibus

383 651 651 709 acceptabilis
684 655 833 695 exstat.
896 652 1000 695 Vale
1029 653 1074 694 in
1105 651 1282 695 Christo.

385 792 429 838 6.
473 793 667 849 Quinque
699 789 948 836 caminam.
1548 791 1594 844 (S
1616 791 1722 847 69b,
1753 789 1807 835 W
1828 790 1936 845 Slb)

1130 863 1182 905 1⁰.

380 945 553 989 Reotord
585 951 727 988 casae⁹
759 944 987 988 catholicae
1107 948 1231 1000 atque
1263 943 1405 1001 ospes‘
1437 943 1630 987 athletice
1640 950 1668 999 ὅ,

384 1023 468 1066 tuis
499 1022 691 1078 pulsatus
721 1022 916 1078 precibus
1037 1021 1189 1065 obnixe
1219 1020 1516 1076 flagitantibus,

383 1099 568 1156 mnista
598 1112 767 1142 carmen
799 1098 953 1152 cecini3
1077 1102 1201 1153 atque
1231 1111 1320 1141 rem
1353 1098 1574 1154 sponsamh
1605 1097 1782 1152 reddidi,

383 1177 491 1219 sicut
520 1175 685 1232 pridem
716 1175 974 1231 pepigeram,
1097 1175 1261 1230 quando
1293 1174 1503 1230 profectus
1534 1174 1696 1217 fueram

383 1267 514 1308 usque
546 1253 682 1295 diram
712 1252 1011 1295 Domnoniami
1131 1265 1207 1307 per
1238 1253 1450 1294 carentem
1481 1250 1734 1295 Cornubiam

382 1329 615 1373 florulentis
647 1329 876 1385 cespitibus
997 1332 1038 1371 et
1068 1328 1282 1371 foecundis
1314 1328 1584 1382 graminibus.

501 1406 722 1449 Elementa
752 1405 931 1447 inormia
1052 1408 1175 1460 atque
1205 1405 1317 1447 facta
1346 1404 1544 1447 informia

385 1486 635 1539 quassantur
667 1481 742 1524 sub
776 1481 968 1524 aetherea
1089 1481 1263 1524 convexi
1294 1480 1372 1524 celi
1403 1493 1569 1523 camera
1578 1479 1607 1534 ¹⁵,

384 1560 484 1603 dum
515 1559 674 1602 tremit'
704 1558 851 1600 mundi
880 1557 1075 1601 machina
1194 1558 1270 1601 sub
1301 1559 1522 1600 ventorum
1551 1557 1805 1600 monarchia.

383 1637 493 1680 Ecce
524 1638 727 1679 nocturno
759 1638 948 1690 tempore
1067 1638 1157 1677 orto
1190 1634 1369 1677 brumali
1399 1633 1579 1688 turbine,

387 1714 578 1769 quatiens
610 1716 768 1755 terram
799 1714 1026 1767 tempestas
1146 1711 1344 1754 turbabat
1375 1714 1499 1766 atque
1530 1710 1718 1766 vastitas,

386 1804 481 1833 cum
510 1790 643 1832 fracto
654 1796 678 1811 ¹¹¹
709 1789 824 1831 venti
855 1788 995 1831 federe
1114 1787 1393 1831 bacharentur
1422 1787 1467 1829 in
1499 1786 1666 1830 aethere

388 1870 429 1909 et
461 1869 583 1922 rupto
616 1865 846 1908 retinaculo
969 1864 1205 1907 desevirent
1233 1864 1279 1906 in
1310 1863 1485 1907 saeculo,

390 1943 517 1997 Tum,
549 1942 742 1985 libertate
773 1942 908 1996 potita
1030 1944 1071 1983 et
1101 1941 1301 1983 servitute
1332 1940 1482 1996 sopita,

390 2020 527 2076 spissa
558 2018 702 2061 statim
733 2017 964 2073 spiramina
1083 2016 1211 2059 duelli
1242 2016 1398 2059 ducunt
1428 2016 1608 2070 agmina,

389 2095 538 2151 quibus
570 2095 634 2138 bis
667 2107 768 2137 sena
797 2094 967 2136 nomina
1085 2093 1327 2136 indiderunt
1356 2092 1580 2135 volumina.

389 2172 550 2215 Horum
583 2171 762 2214 archon¹¹
795 2171 1002 2224 atrociter,
1122 2170 1306 2212 fumum⁰
1338 2181 1508 2211 verrens
1537 2168 1744 2223 ferociter,

388 2248 637 2292 furibundus
670 2260 765 2290 cum
795 2246 986 2290 flamine¹²
1105 2246 1298 2289 veniebat
1328 2259 1352 2288 a
1383 2245 1564 2299 cardine,

388 2325 498 2368 unde
530 2325 692 2367 Titanis
724 2323 886 2366 torrida
1003 2323 1201 2366 labuntur
1230 2322 1465 2365 luminaria.

390 2402 576 2457 Cumque
605 2400 728 2443 flatus
758 2400 957 2443 victoriae
1075 2413 1159 2442 non
1189 2399 1396 2442 furerentq
1426 2398 1618 2453 inglorie,

389 2479 594 2522 tremebat
623 2477 747 2520 tellus
780 2477 967 2530 turbida3
1090 2479 1213 2532 atque
1244 2478 1364 2519 eruta
1393 2475 1544 2518 robora

483 2593 508 2613 a.
533 2583 766 2613 aeditiunculam
780 2583 817 2613 V.
899 2582 928 2611 b.
951 2593 988 2611 ex
1013 2582 1045 2612 V
1056 2582 1199 2611 40-42.
1284 2589 1309 2610 c.
1331 2580 1439 2618 Incipit
1459 2587 1578 2608 carmen
1593 2568 1642 2608 AY.
1663 2579 1698 2609 V.
1781 2579 1811 2608 d.
1832 2578 1943 2609 Rcctor

391 2638 510 2675 scripsit
533 2639 578 2666 M.
594 2638 698 2673 Haupt
716 2647 772 2673 pro
794 2635 902 2664 Lector
926 2635 961 2664 V.
1058 2644 1083 2663 e.
1114 2643 1215 2663 casses
1241 2634 1274 2662 V.
1372 2632 1393 2662 f.
1422 2631 1510 2661 obses
1536 2632 1570 2662 V.
1666 2640 1693 2668 g.
1723 2631 1882 2661 anthletico
1907 2632 1942 2662 V.

391 2688 421 2717 h.
450 2697 512 2717 rem
535 2697 675 2726 sponsam
698 2690 808 2726 scripsi
824 2699 880 2726 pro
903 2695 1048 2725 responsa
1068 2687 1104 2717 V.
1186 2687 1206 2715 i.
1234 2685 1402 2714 Dononiam
1416 2685 1451 2715 V.
1534 2683 1564 2712 k.
1587 2692 1703 2713 camara
1722 2685 1756 2714 V.
1840 2683 1861 2712 l.
1882 2685 1941 2713 tre-

392 2742 453 2770 met
467 2741 501 2770 V.
571 2750 610 2770 m.
632 2740 719 2770 fracti
735 2741 770 2770 V.
842 2749 871 2768 n.
895 2738 1021 2768 archons
1037 2739 1071 2769 V.
1142 2747 1168 2767 o.
1190 2738 1298 2767 famam
1314 2739 1347 2768 V.
1413 2746 1443 2774 p.
1465 2736 1602 2765 flaminae
1618 2737 1652 2766 V.
1719 2745 1747 2774 q.
1768 2736 1894 2765 furirent
1907 2737 1941 2766 V.

489 2810 520 2842 1.
555 2807 712 2852 Singulis
738 2807 957 2843 carminibus
974 2808 1140 2851 (excepto
1157 2808 1300 2851 quarto)
1317 2806 1354 2840 in
1379 2805 1502 2840 codice
1520 2804 1719 2849 praemissa
1734 2804 1823 2839 haec
1840 2807 1941 2840 sunt:

396 2866 549 2912 „Incipit
579 2877 724 2901 carmen
747 2859 856 2912 {fl-..⁸3
891 2866 1083 2901 subiuncta
1115 2867 1236 2900 autem
1268 2864 1416 2899 carmini
1439 2863 1554 2907 primo
1578 2865 1662 2897 sunt
1685 2862 1792 2898 haec:
1827 2863 1944 2908 „Finit

395 2935 539 2960 carmen
563 2923 784 2969 Aldhclmi“,
818 2924 963 2969 reliquis
988 2923 1075 2959 nihil
1099 2923 1184 2958 nisi:
1221 2922 1337 2968 „Finit
1361 2921 1540 2956 carmen“.
1565 2942 1608 2946 —
1634 2921 1675 2956 In
1698 2920 1754 2955 his
1778 2919 1942 2956 versibus

397 2982 631 3018 emendandis
656 2992 713 3017 me
737 2985 920 3028 petentem
947 2982 1085 3018 adiuvit
1107 2981 1294 3017 Mauritius
1314 2981 1447 3026 Haupt.
