2028 3380
392 198 478 240 616
662 209 768 238 vrrA
797 207 1004 238 ARNOLDI
1032 207 1378 239 Asscflmmscom
1406 207 1666 239 MOGUNTINI

270 309 362 345 1156
392 303 445 346 ad
475 306 650 346 mortem
683 314 814 355 usque
845 301 1053 355 invectus,
1093 301 1206 343 omni
1236 305 1424 358 tempore
1455 302 1538 345 vite
1570 315 1643 345 sue
1674 300 1941 345 machinaba-

388 384 457 423 tur
498 382 642 422 contra
681 391 775 421 eum
814 381 856 420 et
892 378 1024 434 ipsius
1063 378 1398 422 inenarrabiliter
1429 379 1595 422 sitiebat
1626 379 1814 423 exitium.
1861 377 1941 422 Re-

388 460 558 513 ceptum
587 456 728 510 itaque
748 458 867 497 tanta
886 455 1023 509 gratia
1043 455 1154 511 cepit
1173 455 1394 511 respicere,
1427 456 1550 512 quod,
1581 456 1786 500 restitutis
1809 456 1941 499 omni-

387 534 466 576 bus
498 546 577 588 que
607 532 699 586 lege
730 530 1024 575 beneficiorum
1057 532 1275 587 amiserat,
1319 546 1412 575 eum
1443 533 1554 576 inter
1584 533 1742 589 primos
1775 536 1817 576 et
1845 546 1942 590 pre-

389 611 532 666 cipuos
566 609 722 659 amicos
742 609 916 652 haberet
935 609 1128 663 diligeret
1149 612 1191 652 et
1210 609 1390 662 foveret;
1422 609 1527 652 illud
1547 623 1645 666 sepe
1665 613 1941 667 pertractanS,

388 687 498 743 quod
527 686 815 729 misericordia
846 686 1131 742 superexaltat
1160 684 1384 730 iudicium¹
1416 690 1476 730 et:
1508 688 1615 730 Noli
1634 690 1749 730 vinci
1767 704 1794 730 α
1813 688 1939 741 malo,

388 766 461 807 sed
489 767 607 807 vince
636 766 682 806 in
714 765 818 807 bono
850 760 1042 806 malum².
1164 763 1252 806 Iam
1284 764 1395 806 enim
1427 764 1599 807 verbum
1629 764 1742 807 istud
1771 764 1817 808 in
1845 778 1942 821 pro-

387 842 576 885 verbium
609 841 730 884 exiit:
774 841 884 896 quod
915 840 1091 883 domnus
1122 840 1334 884 Arnoldus
1364 841 1633 895 Maguntinus
1666 841 1942 898 archiepisco-

388 933 480 976 pus,
513 919 584 975 qui
612 919 752 975 ipsum
783 918 929 960 odiunt
958 921 1230 974 persecuntur
1259 923 1300 962 et
1319 919 1476 973 ledunt,
1509 932 1579 962 eos
1601 918 1751 973 diligat,
1766 919 1944 963 honoret

389 1000 431 1039 et
462 995 698 1052 amplificet.
744 995 801 1038 Et
831 995 973 1050 utique
1005 1009 1054 1038 ea
1084 996 1250 1038 virtutis
1283 995 1458 1038 altitudo
1491 999 1532 1038 et
1561 995 1635 1039 illa
1656 995 1942 1046 misericordie

389 1073 623 1117 sublimitas
662 1075 752 1115 erat
789 1072 833 1114 in
871 1073 1061 1128 principe
1099 1076 1141 1115 et
1177 1073 1220 1115 111
1259 1072 1434 1115 mirifico
1473 1072 1639 1128 presule
1677 1072 1834 1116 Christi
1870 1073 1943 1117 illa

387 1150 599 1204 nobilitas,
624 1150 746 1206 quod,
773 1150 823 1192 de
846 1153 1200 1206 quantacumque·
1223 1149 1379 1193 offensa
1403 1150 1613 1206 quispiam
1635 1150 1687 1192 ad
1708 1163 1827 1193 suam
1847 1164 1943 1206 gra.-

388 1228 491 1270 tiam
538 1241 614 1284 per
652 1227 979 1270 satisfactionem
1018 1227 1194 1282 rediret,
1240 1241 1469 1283 numquam
1508 1240 1627 1270 suam
1663 1227 1859 1271 iniuriam
1897 1227 1943 1271 in

389 1308 604 1362 posterum
634 1304 847 1347 reminisci
878 1303 951 1346 sed
982 1304 1121 1360 potius
1153 1305 1192 1347 ei
1222 1304 1413 1347 misereri
1444 1307 1485 1347 et
1513 1305 1558 1347 in
1589 1305 1725 1359 gratia
1748 1305 1859 1348 bona
1876 1319 1943 1348 re-

388 1383 549 1439 spicere
575 1395 669 1424 eum
689 1381 853 1434 mallet3
887 1380 1090 1423 malorum
1113 1381 1301 1424 iudicans
1324 1395 1427 1436 esse,
1459 1381 1699 1425 meminisse
1718 1382 1826 1425 iram
1846 1385 1944 1439 post

388 1459 644 1502 inimicitias.
765 1458 1080 1512 Ingrediebatur
1118 1459 1258 1513 itaque
1288 1458 1507 1513 Mengotus
1543 1459 1596 1502 ad
1626 1458 1825 1502 domnum
1856 1459 1945 1516 epi-

389 1549 562 1598 scopum
593 1539 634 1578 et
665 1535 977 1590 egrediebatur3
1009 1535 1290 1591 intereratque
1321 1536 1505 1579 consiliis
1535 1539 1577 1579 et
1601 1536 1769 1579 secretis
1789 1536 1943 1593 ipsius3

388 1613 649 1668 habebatque
669 1612 968 1669 per-fidentemb
991 1616 1032 1655 et
1053 1613 1232 1655 amicum
1253 1614 1469 1656 introitum
1493 1613 1545 1656 ad
1566 1613 1718 1668 omnia,
1748 1627 1828 1669 que
1849 1626 1945 1669 age-

389 1691 542 1734 bantur
582 1690 696 1732 omni
733 1693 923 1746 tempore
953 1690 1037 1733 vite
1070 1703 1155 1733 sue.
1201 1691 1307 1733 Erat
1337 1694 1475 1734 autem
1505 1690 1725 1745 Mengotus
1755 1691 1944 1738 ministe-

390 1768 506 1811 rialis
528 1767 777 1822 Maguntini,
807 1770 1029 1810 strennuus
1052 1769 1218 1824 sapiens
1241 1772 1282 1811 et
1301 1768 1345 1810 in
1366 1768 1509 1811 multis
1531 1772 1728 1824 expertus
1750 1771 1792 1811 et
1812 1768 1944 1811 omni-

390 1846 467 1889 bus
498 1845 755 1899 Maguntinis
786 1844 941 1887 virtute
971 1844 1088 1900 prole
1119 1845 1278 1888 viribus
1311 1849 1457 1901 atque⁰
1479 1845 1636 1888 divitiis
1664 1848 1852 1902 tempore
1871 1845 1943 1889 illo

392 1922 672 1966 excellentior.
721 1920 1045 1977 Confidebatque
1075 1922 1156 1965 sibi
1180 1923 1428 1966 venerabilis
1454 1922 1803 1979 archiepiscopus,
1835 1926 1944 1967 erat-

393 2014 472 2056 que
503 2000 583 2043 sibi
613 1999 832 2042 familiaris
864 1999 1039 2042 dilectus
1061 2003 1102 2042 et
1122 2000 1282 2055 primus
1305 2001 1476 2055 amicus,
1509 2013 1755 2055 omnemque
1775 2000 1945 2051 domum

393 2078 480 2121 eius
512 2080 653 2120 tenere
684 2076 895 2130 diligebat.

510 2154 655 2197 Noluit
683 2167 782 2196 vero
814 2153 1005 2196 dominus
1036 2152 1150 2196 Deus
1181 2154 1317 2209 pacis,
1351 2155 1422 2209 qui
1453 2157 1517 2197 est
1544 2153 1743 2207 terribilis
1772 2154 1817 2197 in
1848 2167 1944 2198 con-

394 2232 499 2275 siliis
532 2245 657 2288 super
686 2231 794 2273 filios
825 2228 1078 2286 hominum³,
1110 2231 1309 2273 iniuriam
1338 2231 1468 2286 illam,
1501 2244 1626 2286 quam
1656 2231 1842 2287 prefatus
1869 2245 1945 2288 pa-

392 2310 548 2353 latinus
581 2312 622 2352 et
642 2308 860 2363 Mengotus
893 2311 934 2351 et
964 2308 1036 2350 alii
1068 2308 1289 2364 complices
1321 2322 1462 2351 eorum
1493 2308 1644 2351 domno
1670 2308 1864 2365 episcopo
1884 2309 1944 2352 fe-

395 2390 550 2440 cerant,
585 2386 636 2429 de
667 2399 749 2441 qua
780 2399 908 2442 supra
937 2385 1217 2439 meminimUS,
1250 2386 1428 2428 transire
1448 2385 1638 2428 inultam.
1688 2384 1784 2440 Sed,
1813 2386 1945 2429 refor-

393 2467 509 2508 mata
545 2476 670 2520 pace,
709 2464 754 2505 in
791 2463 908 2506 brevi
948 2476 1017 2505 eos
1048 2462 1253 2505 Dominus
1290 2463 1352 2505 ita
1389 2462 1542 2505 delevit
1579 2462 1630 2505 de
1665 2466 1797 2518 terra,
1835 2463 1944 2519 quod

395 2555 558 2596 omnes,
600 2540 671 2595 qui
699 2539 812 2582 illius
842 2540 1039 2582 facinoris
1070 2540 1236 2582 fuerant
1267 2544 1475 2594 auctores,
1515 2540 1699 2595 exceptis
1729 2540 1810 2583 hiis
1842 2553 1944 2595 quos

395 2618 557 2673 gladius
591 2617 868 2660 anathematis
901 2620 996 2660 ante
1025 2617 1402 2660 reconciliationem
1437 2617 1555 2672 quasi
1584 2617 1702 2659 vivos
1727 2616 1944 2673 absorpse-

395 2699 482 2751 rat,
525 2698 597 2737 aut
635 2698 731 2737 sunt
762 2695 899 2737 seculo
930 2695 1084 2738 mortui
1116 2698 1188 2737 aut
1218 2708 1312 2737 cum
1343 2694 1446 2750 ipsis
1476 2693 1600 2736 rebus
1632 2694 1763 2736 vitam
1795 2694 1945 2737 amise-

238 2788 320 2825 Sept.
335 2789 372 2816 20
395 2772 517 2815 runtd
540 2776 784 2815 extremam.
832 2771 1021 2814 Mortuus
1053 2776 1116 2815 est
1137 2785 1233 2826 ergo
1254 2771 1518 2814 Hermannus
1538 2770 1749 2827 palatinus
1770 2784 1906 2814 comes
1916 2768 1941 2813 ⁴.

491 2882 517 2902 a.
540 2871 777 2911 quanticumque
793 2873 822 2902 1.
891 2872 920 2902 b.
942 2872 1116 2911 perfidelem
1132 2873 1159 2909 1,
1176 2873 1204 2901 2.
1272 2881 1298 2901 c.
1320 2880 1354 2900 ac
1369 2872 1397 2900 2.
1469 2871 1497 2900 d.
1520 2871 1682 2901 amiserant
1696 2872 1724 2908 1,
1746 2871 1901 2901 amiserint
1915 2872 1943 2901 2.

490 2936 522 2971 1.
548 2936 620 2971 Iac.
640 2937 672 2981 2,
693 2937 747 2971 13.
844 2937 877 2971 2.
903 2936 1006 2971 Rom.
1027 2936 1081 2980 12,
1100 2936 1156 2970 21.
1252 2935 1285 2969 3.
1311 2934 1369 2970 ΡΒ.
1387 2934 1443 2980 65,
1461 2935 1494 2969 5.
1589 2935 1624 2970 4.
1650 2935 1742 2970 1156
1768 2934 1867 2981 Sept.
1885 2935 1942 2971 20.
