2028 3386
442 218 477 249 s.
500 218 737 250 nomm'rn
766 221 825 250 m·
854 222 992 252 LULm
1022 223 1272 254 EPISTOLAE
1305 224 1345 254 es
1595 212 1675 255 191

105 310 245 356 nobis·
259 314 372 357 esset
400 312 631 369 absolutus,
662 314 787 358 unius
820 315 1005 359 defuncti
1037 331 1090 360 ex
1121 322 1320 374 quattuor
1346 318 1431 361 illis
1454 318 1677 375 episcopis,

106 402 212 445 quon
247 391 324 433 tua
361 389 450 433 illic
487 390 700 434 ordinavit
736 391 1002 448 fraternitas,
1052 395 1254 438 diocesim
1294 396 1494 439 obtinere.
1558 395 1678 447 Quod

103 479 371 523 nequaquam
401 481 549 512 verum
580 473 662 523 est3
696 469 796 525 quia
825 471 1004 513 mentita
1035 474 1100 514 est
1129 472 1330 527 iniquitas
1352 474 1445 517 sibi.
1494 473 1559 517 De
1580 487 1676 531 per-

103 557 229 588 versa
257 548 398 588 autem
430 549 472 589 et
500 546 648 602 iniqua
679 547 889 604 doctrina,
932 562 1038 604 quae
1070 552 1217 592 contra
1247 550 1384 594 Deum
1418 554 1460 595 et
1491 552 1676 595 animam

103 634 226 666 suam
260 622 426 666 locutus
463 627 528 667 est
560 649 616 654 —
649 625 686 668 si
723 625 1000 669 clarificatum
1038 627 1187 682 fuerit,
1226 628 1288 671 ita
1327 643 1423 672 eum
1462 628 1674 673 confiteri:

103 698 216 755 quod
247 699 354 744 alius
384 701 568 745 mundus
607 706 650 746 et
687 703 759 746 alii
796 703 988 747 homines
1027 705 1104 748 sub
1142 708 1257 748 terra
1295 706 1381 748 sint
1420 720 1494 750 seu
1532 707 1595 749 sol
1635 710 1677 750 et

101 775 204 820 luna
231 801 291 809 —
320 777 450 834 hunc,
490 778 658 823 habito“
697 781 895 836 concilio,
937 782 990 825 ab
1030 782 1234 826 aecclesia
1271 783 1405 839 pelle,
1448 784 1676 827 sacerdotii

101 853 260 898 honore
288 855 516 912 privatum.
627 858 841 902 Adtamen
871 862 914 902 et
940 873 1030 914 nos,
1064 860 1294 903 scribentes
1325 861 1540 917 praedicto
1562 862 1673 917 duci,

101 933 362 977 evocatorias
400 935 722 990 praenominato
760 936 937 991 Virgilio
976 937 1186 980 mittimus
1217 938 1403 981 litteras:
1445 942 1513 993 ut,
1553 939 1675 982 nobis

100 1014 394 1067 praesentatus
425 1014 469 1055 et
498 1012 644 1056 subtili
673 1014 943 1068 indagatione
974 1015 1217 1070 requisitus,
1250 1016 1287 1058 si
1319 1029 1519 1059 erroneus
1547 1016 1676 1059 fuerit

100 1088 317 1144 inventus,
357 1090 568 1133 canonicis
608 1092 896 1136 sanctionibus
934 1093 1279 1149 condempnetur.
1343 1093 1424 1145 Qui
1464 1094 1578 1136 enim
1609 1108 1674 1137 se-

99 1166 267 1210 minant
295 1166 474 1222 dolores,
506 1167 590 1225 ipsi
620 1173 786 1213 metunt
816 1184 887 1214 eos
902 1167 924 1213 ¹.
974 1169 1045 1213 Sic
1076 1170 1190 1213 enim
1219 1171 1423 1228 scriptum
1447 1175 1530 1215 est:
1563 1173 1672 1215 Per-

99 1259 243 1288 vereae
272 1247 541 1302 coyitationes
572 1258 775 1304 separant
804 1265 831 1291 a
861 1249 955 1291 Deo
968 1264 983 1299 ,-
1016 1249 1205 1306 probata
1242 1258 1382 1292 autem
1411 1252 1546 1293 virtue
1579 1265 1671 1293 cor-

98 1324 207 1380 ripit
233 1325 478 1381 inaipientes
487 1321 515 1366 ².

217 1399 301 1444 Pro
342 1398 577 1458 Sydonioffl
618 1405 759 1446 autem
813 1417 944 1461 supra
983 1403 1094 1447 dicto
1136 1407 1178 1447 01
1207 1404 1386 1459 Virgilio
1425 1405 1672 1461 presbiteris

98 1477 211 1533 quod
241 1479 414 1535 scripsit
441 1480 644 1523 sanctitas
675 1484 762 1536 tua,
795 1481 1056 1536 agnovimus.
1105 1481 1192 1525 Illis
1225 1482 1408 1538 quidem,
1444 1486 1489 1526 ut
1519 1483 1672 1527 conde-

97 1554 233 1611 cebat,
263 1557 559 1601 comminando
591 1558 858 1614 scripsimus;
891 1562 989 1602 tuae
1022 1562 1164 1602 autem
1184 1560 1441 1603 fraternitati
1463 1561 1558 1617 plus
1581 1574 1671 1605 cre-

97 1632 254 1677 dulitas
293 1647 421 1690 quam
458 1635 543 1678 illis
576 1636 874 1679 ammittetur⁶.
939 1635 985 1679 Si
1017 1636 1159 1680 autem
1190 1637 1398 1694 placuerit
1427 1638 1542 1693 Deo,
1582 1639 1672 1682 vita

97 1711 251 1755 comite
282 1711 373 1755 sedi
403 1712 633 1769 apostolice
666 1727 750 1769 003,
782 1714 924 1757 missis
956 1714 1200 1770 apostolicis
1232 1715 1400 1770 litteris,
1433 1720 1480 1759 ut
1505 1716 1671 1773 praela-

96 1791 189 1832 tum
220 1792 299 1845 est,
330 1803 565 1834 evocamus.
618 1790 811 1835 Docuisti
842 1792 956 1835 enim
988 1805 1058 1835 eos
1091 1796 1133 1836 et
1162 1806 1248 1836 non
1280 1798 1567 1850 susceperunt.
1613 1794 1672 1837 Et

95 1866 256 1911 factum
294 1870 360 1911 est
388 1868 434 1911 in
462 1868 571 1924 illis,
613 1869 723 1912 sicut
753 1869 958 1926 scriptum
991 1874 1074 1913 est:
1117 1867 1407 1928 Sapientiam,
1449 1874 1526 1929 qui
1554 1874 1672 1915 docet

83 1945 276 2001 fatuum,
307 1949 434 2003 quasi
453 1949 530 2004 qui
544 1948 804 2004 conylutz'nat
825 1945 967 1998 teata⁶5
998 1949 1200 1991 harenam
1221 1958 1260 1992 et
1279 1950 1408 1992 salem
1430 1959 1468 1992 et
1486 1965 1670 1993 massam

83 2023 206 2079 ferri
219 2023 405 2079 facilius
438 2033 497 2068 est
523 2033 696 2082 portare
728 2040 856 2082 quam
886 2027 1095 2069 hominem
1123 2029 1418 2084 inprudentem
1446 2037 1483 2070 et
1491 2028 1669 2083 fatuum

95 2109 135 2144 et
162 2098 390 2159 mimn⁶3
421 2102 642 2158 quoniam:
679 2103 766 2156 Qui
793 2105 1033 2147 minoratur
1063 2106 1208 2158 corde,
1243 2107 1399 2162 coqz'tat
1426 2108 1578 2148 inania
1586 2122 1600 2156 ,·
1633 2115 1671 2148 et

94 2181 163 2222 vir
191 2181 425 2237 inprudens
458 2189 497 2224 et
527 2196 674 2223 amans
706 2183 862 2238 coyitat
893 2182 1021 2224 stulta
1032 2178 1058 2224 ⁷.
1171 2182 1266 2225 Non
1297 2196 1396 2237 ergo
1426 2183 1479 2225 ad
1501 2183 1668 2226 iracun-

94 2255 210 2300 diam
242 2260 493 2314 provocetur
523 2270 595 2301 cor
625 2261 766 2314 tuum,
805 2259 948 2302 frater.
1014 2258 1098 2302 Sed
1137 2260 1182 2302 in
1214 2261 1421 2317 patientia
1459 2264 1554 2315 tua,
1593 2260 1666 2304 ubi

94 2333 201 2378 tales
237 2335 500 2392 reppereris,
539 2349 734 2379 ammone
772 2336 946 2380 obsecra
986 2344 1135 2392 argue⁰
1167 2334 1377 2394 increpa⁸,
1416 2341 1464 2380 ut
1494 2351 1667 2381 conver-

93 2414 240 2455 tantur
271 2411 324 2455 ab
355 2426 496 2456 errore
528 2414 580 2456 ad
610 2414 724 2456 viam
756 2414 959 2457 veritatis.
1012 2414 1070 2457 Et
1101 2415 1137 2457 si
1168 2415 1359 2458 conversi
1380 2415 1551 2469 fuerint,
1585 2415 1667 2457 sal-

94 2489 203 2533 vasti
234 2490 420 2534 animam
452 2487 642 2544 eorum⁰;
676 2492 712 2534 si
743 2505 842 2535 vero
874 2492 919 2535 in
951 2492 1107 2535 duritia
1138 2492 1467 2549 permanserint,
1507 2506 1666 2535 merce-

95 2567 192 2611 dem
221 2568 467 2611 ministeriir
486 2569 549 2612 tui
573 2582 657 2611 non
678 2569 843 2625 perdes.
892 2569 990 2612 lllos
1013 2573 1155 2613 autem
1175 2570 1296 2613 iuxta
1317 2569 1498 2626 apostoli
1519 2583 1663 2613 vocem

92 2644 234 2688 devita
245 2642 285 2688 ¹⁰.

190 2743 217 2763 a.
246 2734 328 2764 auito
348 2737 392 2764 M.
456 2734 485 2764 b.
508 2734 635 2764 Sidonio
655 2737 689 2766 C.
754 2745 778 2765 c.
803 2736 958 2765 amittetur
977 2738 1020 2770 M,
1045 2747 1120 2765 corr.
1143 2737 1171 2765 in
1195 2735 1371 2765 admittetur
1387 2738 1421 2766 C.
1486 2736 1515 2765 d.
1540 2748 1616 2766 corr.
1635 2739 1663 2766 ίιι

93 2786 239 2826 scriptum
262 2788 309 2817 est
330 2787 361 2817 in
383 2787 460 2817 libro
483 2788 649 2826 sapientiae
674 2791 709 2820 C.
743 2791 791 2825 Cf.
815 2801 907 2827 supra
927 2801 957 2827 p.
976 2790 1024 2818 10.
1110 2799 1136 2818 e.
1165 2800 1220 2817 om.
1246 2791 1291 2818 M.
1375 2789 1397 2818 f.
1426 2790 1595 2828 minysterii
1618 2793 1664 2820 M.

190 2845 222 2880 1.
256 2844 332 2880 Iob.
350 2845 384 2889 4,
403 2846 437 2880 8.
527 2847 560 2880 2.
596 2845 680 2890 Sap.
702 2847 733 2891 1,
752 2847 785 2882 3.
875 2847 908 2881 3.
941 2849 1072 2891 postea
1096 2856 1152 2890 ep.
1179 2846 1400 2881 Pataviensi.
1488 2847 1523 2882 4.
1550 2848 1662 2882 Eccli.

92 2903 150 2949 22,
168 2904 202 2939 6.
294 2904 327 2940 5.
354 2904 465 2940 Eccli.
483 2905 540 2950 22,
560 2906 592 2940 7.
683 2907 716 2941 6.
742 2906 854 2941 Eccli.
874 2907 930 2950 22,
951 2906 1007 2940 18.
1095 2906 1127 2940 7.
1154 2905 1265 2940 Eccli.
1286 2906 1341 2951 16,
1359 2906 1417 2941 23.
1503 2906 1536 2941 8.
1564 2907 1586 2941 2
1603 2906 1663 2941 Ti-

92 2961 205 2998 moth.
222 2962 256 3008 4,
274 2964 308 2999 2.
405 2964 438 2999 9.
473 2964 546 2999 Iac.
565 2965 598 3010 5,
617 2965 674 3000 20.
774 2966 829 3000 10.
864 2965 886 2999 2
903 2963 1061 3000 Τ11110111.
1079 2965 1113 3010 3,
1132 2965 1165 3000 5.

1723 324 1792 360 748

1701 373 1773 403 Mai.
1784 375 1799 403 1
