2028 3380
391 199 427 230 s.
449 198 687 230 nomam
714 198 774 229 nr
803 198 942 229 mmm
971 198 1222 230 ams'romn
1257 198 1329 229 188.
1350 196 1412 228 139
1600 186 1686 229 307

117 293 332 352 probatur.
392 292 452 338 Te
481 293 643 351 pariter
674 292 956 349 obsecranteS,
986 296 1035 337 ut
1064 308 1142 351 pro
1173 297 1320 338 nostra
1349 293 1559 352 parvitate
1588 306 1689 351 pro·
1715 295 1903 333 755—786

119 385 200 428 que
243 385 348 429 pace
386 371 724 427 congregationis
764 374 934 415 nostrae
971 371 1156 415 Domino
1197 372 1437 430 supplicare
1475 385 1571 415 eum
1613 371 1687 427 eis,

117 449 191 506 qui
227 451 367 493 tecum
390 449 604 493 ¹invocant
639 462 793 492 nomen
831 449 991 492 domini
1028 449 1145 506 Iesu,
1187 450 1444 494 memineris.
1506 449 1688 494 Istarum

115 540 216 571 vero
252 526 491 571 litterarum
520 527 772 585 portitorem
804 540 830 570 a
859 526 980 571 vobis
1012 530 1110 571 ante
1141 528 1400 572 destinatum
1429 530 1596 572 vestrae
1629 527 1689 571 al-

115 605 257 650 mitati
294 605 620 661 committimus,
659 605 758 662 quia
796 604 977 650 fideliter
1014 605 1136 649 nobis
1175 606 1372 650 oboedire
1411 606 1457 649 in
1496 606 1689 650 omnibus

116 683 291 728 curabit.
403 684 681 742 Omnipotens
701 682 831 739 Deus,
865 684 938 740 qui
968 684 1163 742 dispersa
1193 687 1421 740 congregat
1451 687 1494 727 et
1514 697 1688 740 congre-

115 765 216 818 gata
244 762 441 819 custodit,
471 763 564 820 ipse
593 775 668 806 vos
700 775 777 805 sua
807 762 946 817 gratia
967 765 1164 819 protegat
1186 766 1229 807 et
1248 762 1379 807 vestri
1398 761 1555 806 laboris
1577 763 1690 806 fruc-

115 843 206 884 tum
237 841 283 884 in
313 844 486 886 aeterna
514 841 656 899 patria
685 853 762 884 nos
793 840 937 884 videre
968 840 1182 885 concedat.
1451 841 1453 843 ’

122 982 237 1030 139.
268 984 454 1040 Quidam
493 986 708 1042 quandam
746 986 959 1040 hortatur,
999 994 1047 1030 ut
1077 993 1257 1043 propter
1287 986 1510 1028 imminens
1541 985 1692 1027 mundi

265 1065 459 1118 exitium,
490 1065 695 1121 promissi
721 1079 901 1118 memor,
928 1079 1014 1122 pro
1046 1079 1088 1107 ee
1114 1072 1312 1121 precetur
1323 1069 1350 1105 ³.

1143 1140 1189 1195 (s
1212 1142 1283 1196 34,
1315 1139 1369 1184 W
1394 1140 1492 1196 165,
1526 1138 1564 1183 G
1588 1139 1688 1193 151)

234 1230 412 1275 Intimae
433 1230 669 1276 dilectionis
692 1246 835 1276 amore
856 1233 1048 1289 quamvis
1069 1231 1267 1287 indignus
1277 1230 1307 1287 '’,
1337 1230 1403 1274 .N.
1424 1230 1470 1274 in
1491 1229 1688 1285 Domino,

115 1306 347 1367 triquadri¹
377 1309 490 1354 orbis
531 1310 792 1367 quadrifaria
828 1308 982 1367 regna²
1013 1324 1167 1366 magno
1198 1308 1512 1354 moderamine⁶
1545 1308 1688 1366 dispo-

115 1390 262 1444 nente,
295 1387 360 1432 .N.
394 1388 610 1446 sospitatis
642 1388 834 1452 salutem.

233 1465 341 1510 Puto
371 1466 484 1511 enim
514 1480 785 1523 cognoscere,
818 1467 1110 1511 amantissima
1141 1480 1281 1523 soror,
1315 1465 1426 1522 quod
1457 1465 1504 1508 in
1535 1464 1689 1508 divinis

116 1558 216 1603 sepe
253 1548 423 1589 cautum
459 1544 614 1601 legitur
652 1545 853 1589 oraculis:
896 1545 1263 1602 adpropinquante
1303 1543 1389 1586 iam
1429 1543 1578 1587 mundi
1606 1541 1690 1587 fine

116 1627 159 1667 et
198 1626 339 1667 statua
377 1637 430 1667 ex
476 1624 691 1680 quaternis
729 1623 997 1668 metallorum
1036 1622 1260 1678 generibus
1301 1621 1512 1678 quondam
1551 1621 1689 1665 fabre-

115 1698 250 1746 facta³
280 1701 464 1757 ruitura,
504 1701 709 1759 hydram‘¹
741 1715 906 1758 quoque
944 1715 1112 1759 semper
1141 1700 1262 1744 novis
1292 1700 1504 1744 hiantem⁰
1536 1699 1689 1744 sibilis‘

117 1783 160 1824 et
189 1779 351 1824 scillam
379 1792 475 1823 cum
496 1779 762 1824 hereditariis
785 1779 934 1824 catulis
955 1793 1041 1823 non
1061 1782 1296 1823 cessantem
1315 1777 1486 1823 latrare.
1534 1777 1689 1822 Milvus

117 1870 282 1915 quoque
320 1858 374 1902 ad
412 1858 500 1901 ima
539 1857 814 1914 columbaque
854 1858 908 1902 ad
947 1858 1155 1902 fenestras
1195 1870 1293 1901 suas
1332 1856 1493 1900 volitat.
1554 1856 1688 1908 Quam

116 1935 169 1979 ob
205 1949 318 1992 rem,
358 1936 599 1992 carissima,
642 1936 742 1981 licet
782 1936 1051 1992 longeuscule
1089 1935 1177 1980 alta
1213 1935 1423 1979 marium*3
1462 1934 1690 1992 equalitate

115 2013 291 2071 distam,
330 2015 493 2059 vicinus
532 2018 676 2059 tamen
714 2015 826 2059 circa
863 2018 982 2059 tuam
1025 2015 1223 2071 frequens
1253 2013 1505 2058 memoriam
1536 2014 1690 2059 cotidie
1733 2042 1747 2047 -

115 2105 243 2136 conor
264 2093 422 2137 adesse.
476 2093 680 2138 Obsecro:
712 2096 760 2136 ut
787 2093 845 2136 sis
866 2107 1029 2137 memor
1049 2092 1273 2137 verborum
1294 2095 1549 2148 nostrorum,
1583 2105 1689 2149 quae

114 2170 275 2227 pariter
304 2171 558 2228 pepigimus,
592 2171 758 2227 quando
790 2171 1004 2228 profectus
1036 2171 1212 2214 fueram.
1266 2169 1384 2225 Vale,
1417 2170 1563 2214 vivens
1586 2184 1688 2214 aevo

113 2247 304 2304 longiore
335 2252 378 2293 et
406 2250 495 2293 vita
524 2249 731 2304 feliciore,
763 2249 1038 2307 interpellans
1069 2263 1146 2306 pro
1178 2263 1260 2293 me.
1322 2248 1438 2292 Haec
1467 2262 1604 2305 pauca
1634 2248 1688 2292 ad

114 2330 157 2371 te
187 2327 359 2384 scripsi,
390 2341 477 2371 non
508 2331 754 2383 arroganter
783 2341 878 2372 mea
909 2327 1230 2383 commendans,
1263 2327 1337 2371 sed
1367 2327 1583 2371 humiliter
1613 2331 1689 2371 tua

115 2404 344 2463 deposcens
376 2408 418 2450 et
448 2419 524 2450 ceu
555 2406 753 2463 propriae
784 2420 1010 2461 germanae
1040 2419 1177 2463 nuper
1207 2408 1398 2450 nanctae.
1451 2405 1568 2451 Vale.

295 2501 342 2545 In
374 2502 490 2546 caelo
520 2501 703 2558 flagrans
733 2502 820 2545 iam
851 2502 973 2546 iustis
1005 2502 1094 2545 vita
1124 2501 1335 2559 perennis,

293 2579 385 2632 Qua
415 2581 549 2624 sancti
580 2594 747 2637 semper
776 2579 997 2635 fulgebunt
1026 2580 1186 2623 lumine
1216 2579 1392 2636 pulchro

211 2684 238 2705 a.
271 2687 310 2705 ex
333 2676 364 2706 V
381 2676 550 2706 20—20v.
591 2678 734 2707 Lemma.-
763 2676 838 2706 Item
860 2675 1002 2714 epistola.
1115 2675 1146 2705 b.
1178 2674 1311 2712 indignis
1337 2675 1373 2705 V.
1487 2682 1513 2704 c.
1544 2674 1683 2706 modora—

114 2728 194 2759 mine
219 2729 255 2759 V.
360 2728 390 2759 d.
418 2740 505 2768 super
532 2729 657 2768 hydram
686 2732 828 2769 scriptum
856 2735 901 2760 est
928 2737 1054 2767 serpens
1080 2729 1115 2758 V.
1222 2738 1249 2758 e.
1277 2727 1411 2758 hiantem
1433 2730 1544 2768 scripu·
1559 2740 1616 2769 pro
1638 2730 1684 2760 in-

116 2783 215 2813 antem
240 2783 276 2813 V.
379 2782 401 2813 f.
430 2782 539 2812 sibiuis
564 2784 601 2814 V.
706 2792 733 2821 g.
762 2783 888 2813 marium
911 2783 1021 2820 scripsi
1037 2793 1095 2820 pro
1117 2781 1292 2811 meritorum
1317 2782 1353 2812 V.

210 2846 243 2882 1.
275 2845 313 2881 in
342 2848 417 2882 tres
441 2849 565 2892 partes
591 2847 814 2893 (Europam,
838 2846 986 2892 Asiam,
1010 2843 1196 2889 Africam)
1222 2844 1342 2881 divisi.
1463 2847 1496 2883 2.
1529 2856 1683 2893 regnum

116 2915 276 2952 aureum,
302 2907 528 2952 argenteum,
553 2915 712 2954 aereum,
738 2905 907 2943 ferreum.
946 2906 994 2942 V.
1019 2904 1151 2941 Daniel
1168 2905 1201 2951 2,
1219 2905 1266 2941 38
1282 2914 1362 2951 squ.
1470 2906 1504 2942 3.
1537 2906 1584 2944 V.
1608 2907 1682 2943 Da-

115 2964 187 3000 niel
206 2965 240 3011 2,
258 2965 303 3001 31
321 2974 401 3011 squ.

1317 3031 1364 3066 20
1374 3030 1398 3054 ἕ
