2028 3386
219 319 288 355 744

198 368 274 398 Nov.
287 368 305 399 5

203 1547 272 1583 745

184 1595 248 1626 Oct.
265 1597 303 1626 25

337 208 418 250 136
634 219 668 249 s.
693 218 926 249 BONIFATII
955 219 1013 249 ET
1044 220 1177 250 LULm
1206 220 1455 251 EPISTOLAE
1486 220 1536 249 49.
1553 220 1592 250 50

330 313 652 370 praedicationis
692 312 916 355 sciscitasti
954 326 1007 356 an
1044 326 1147 368 non,
1186 327 1311 370 quam
1344 329 1368 358 a
1398 298 1614 373 decessore
1631 318 1783 375 nostro
1813 315 1887 359 ha-

331 390 459 433 buisti
490 402 748 443 concessam3
787 402 863 432 nos
895 389 1072 446 denique
1104 391 1333 435 auxiliante
1364 391 1453 435 Deo
1485 392 1536 435 de
1567 405 1635 448 ea,
1673 405 1780 448 quae
1809 391 1887 436 tibi

329 466 505 521 largitus
552 469 615 509 est
661 466 853 509 decessor
896 469 938 509 et
975 467 1292 523 praedecessor⁰
1330 472 1494 524 noster,
1539 482 1623 512 non
1660 469 1886 512 minuimus

329 544 404 587 sed
435 557 646 598 augemus.
693 542 750 586 Et
780 556 864 585 non
897 543 1030 586 solum
1058 544 1298 588 Baioariam
1330 546 1402 589 sed
1435 546 1562 589 etiam
1592 559 1758 589 omnem
1789 545 1887 589 Gal-

328 620 481 663 liarum
512 620 784 677 provinciam,
817 620 949 663 donec
979 624 1020 664 te
1059 621 1201 665 divina
1228 623 1399 665 iusserit
1428 636 1647 679 superesse
1674 623 1886 679 maiestas,

327 699 474 740 nostra
502 697 592 740 vice
623 711 699 754 per
728 697 1082 753 praedicationem
1112 699 1191 742 tibi
1220 699 1472 755 iniunctam,
1514 714 1619 756 quae
1650 700 1886 757 reppereris

328 776 473 817 contra
504 774 775 817 christianam
807 773 1060 829 relegionem
1092 775 1157 818 vel
1188 789 1394 819 canonum
1433 776 1647 832 instituta,
1686 777 1886 834 spiritali-

327 854 392 894 ter
423 850 544 894 stude
583 850 660 893 adh
699 864 889 894 normam
928 852 1190 896 rectitudinis
1228 854 1456 897 reformare
1468 861 1494 896 ⁰.
1556 853 1671 898 Deus
1701 857 1744 898 te
1773 854 1887 898 inco-

326 928 482 972 lumem
529 928 757 982 custodiat,
804 929 1141 972 reverentissime
1189 934 1230 973 et
1268 931 1530 974 sanctissime
1563 931 1706 975 frater.
1776 931 1888 975 Data

325 1005 468 1048 Nonas
488 1005 750 1060 NovembriS,
783 1005 1018 1062 imperante
1050 1007 1201 1050 domno
1233 1007 1424 1062 piissimo
1454 1011 1628 1063 augusto
1650 1008 1885 1052 Artavasdo

327 1097 352 1125 a
381 1082 470 1126 Deo
502 1086 699 1125 coronato
739 1096 891 1136 magno
932 1083 1186 1139 imperatore
1228 1097 1336 1126 anno
1375 1085 1519 1140 tertio,
1562 1088 1660 1142 post
1697 1085 1886 1130 consula-

325 1159 440 1202 tumd
481 1160 569 1203 eius
609 1173 716 1203 anno
756 1160 903 1214 tertio,
949 1160 1022 1203 sed
1061 1164 1124 1203 et⁶
1155 1160 1416 1217 Nicaphoro‘
1447 1175 1599 1217 magno
1633 1163 1886 1219 imperatore

327 1236 416 1280 eius
447 1236 533 1280 filio
566 1250 674 1280 anno
705 1236 844 1292 tertiO,
877 1237 1106 1280 indictione
1137 1238 1263 1281 tertia
1294 1238 1466 1282 decima.

330 1378 410 1423 50.
444 1379 556 1421 Acta
596 1380 751 1435 synodi
781 1379 1019 1432 Romanae,
1061 1395 1146 1436 qua
1178 1380 1425 1424 Aldebertus
1465 1392 1503 1425 et
1542 1381 1724 1426 Clemens
1765 1384 1884 1426 dam-

444 1461 639 1498 namur&
695 1454 740 1508 (S
762 1459 859 1512 post
884 1458 980 1510 134,
1003 1460 1045 1499 et
1069 1457 1172 1510 1353
1203 1456 1254 1501 W
1276 1459 1331 1500 66
1355 1461 1395 1500 et
1416 1460 1486 1514 67,
1511 1458 1547 1502 G
1567 1462 1666 1502 tom.
1690 1459 1727 1502 II
1747 1473 1788 1516 p.
1810 1460 1884 1514 40)

446 1543 494 1586 In
533 1544 702 1587 nomine
741 1544 900 1587 domini
937 1545 1070 1587 nostri
1101 1545 1194 1588 Iesu
1226 1545 1395 1590 Christi.
1458 1547 1694 1604 Imperante
1733 1548 1884 1593 domno

328 1621 521 1678 piissimo
554 1624 729 1675 augusto
753 1621 1026 1665 Constantino
1037 1622 1051 1644 ¹¹
1082 1623 1336 1679 imperatore
1369 1638 1476 1667 anno
1509 1626 1579 1680 26,
1610 1629 1707 1682 post
1737 1639 1885 1670 consu-

325 1697 458 1740 latum
490 1698 578 1741 eius
612 1711 720 1741 anno
753 1698 801 1753 5,
834 1712 977 1741 mense
1009 1698 1200 1755 Octobri,
1233 1700 1300 1743 die
1332 1701 1531 1745 vicesima
1562 1702 1720 1758 quinta,
1752 1703 1885 1747 indic-

326 1775 440 1818 tione
476 1776 541 1817 14.
666 1774 918 1818 Presedente
957 1776 1221 1819 sanctissimo
1265 1791 1313 1820 ac
1350 1778 1591 1822 beatissimo
1623 1779 1775 1823 domno
1806 1779 1884 1823 Za-

326 1851 469 1894 charia
498 1865 612 1908 papa
642 1851 685 1893 in
717 1852 984 1907 patriarchioi
1006 1852 1301 1908 Lateranense,
1333 1855 1377 1897 in
1404 1855 1578 1899 basilica
1607 1870 1713 1912 quae
1742 1857 1884 1914 appel-

327 1928 464 1971 laturk
487 1926 737 1981 Theodori¹3
771 1929 1088 1973 consedentibus
1122 1931 1275 1973 autem¹
1298 1945 1390 1974 cum
1420 1946 1467 1975 eo
1500 1933 1775 1976 sanctissimis
1796 1934 1884 1990 epi-

332 2005 470 2061 scopis
500 2004 740 2060 Epiphanio
773 2004 888 2048 Silva
919 2005 1125 2061 Candida,
1157 2007 1382 2051 Benedicto
1413 2009 1643 2064 Nomento,
1676 2010 1881 2054 Venantio

326 2081 542 2136 Penestre,
577 2080 776 2136 Gregorio
799 2081 1043 2138 Portuense,
1074 2084 1223 2127 Niceta
1244 2084 1400 2139 Gabiis,
1424 2085 1638 2129 Theodoro
1662 2086 1881 2143 Ostensem,

327 2157 520 2201 Gratioso
542 2158 769 2211 Villitrias3
803 2172 876 2201 seu
905 2161 1210 2204 venerabilibus
1237 2163 1500 2218 presbiteris,
1532 2163 1575 2205 id
1607 2167 1670 2206 est
1700 2164 1882 2208 Iohanne

327 2235 697 2292 archipresbitero,
730 2234 952 2291 GregoriO,
987 2236 1218 2293 Stephano,
1249 2239 1351 2282 item
1385 2238 1616 2296 Stephano,
1649 2240 1880 2296 Dominico,

327 2312 564 2367 Theodoro,
603 2312 849 2366 AnastasiO,
882 2311 1083 2368 Georgio,
1118 2313 1282 2370 Sergio,
1316 2316 1556 2371 Iol-dannen,
1589 2316 1748 2373 Leone,
1780 2319 1882 2362 item

326 2388 488 2444 Leone,
530 2388 750 2444 Gregorio,
785 2389 1016 2445 Stephano,
1048 2390 1273 2434 Eustochio
1286 2399 1313 2446 ⁰,
1353 2392 1555 2449 Procopio
1594 2397 1717 2450 atque
1749 2395 1881 2438 Theo-

326 2466 493 2522 phanio.

423 2615 449 2636 a.
477 2606 676 2644 prodecessor
699 2610 743 2637 M.
828 2608 856 2636 b.
884 2608 1003 2636 studeat
1026 2610 1064 2636 M
1080 2619 1135 2645 pro
1159 2609 1245 2637 stude
1269 2609 1315 2638 ad.
1400 2618 1424 2638 c.
1448 2610 1591 2640 reformas
1618 2614 1659 2641 M.
1744 2612 1772 2641 d.
1794 2614 1881 2651 pater

328 2661 381 2695 M‚·
410 2659 530 2697 imperii
559 2662 588 2689 in
615 2661 706 2689 litura
737 2663 769 2690 C.
805 2661 921 2699 Scripsi
946 2662 1016 2698 post
1043 2661 1245 2697 consulatum3
1273 2673 1299 2691 v.
1325 2673 1415 2699 supra
1440 2674 1472 2701 p.
1492 2664 1539 2692 17.
1645 2674 1670 2694 e.
1702 2666 1733 2694 et
1755 2676 1809 2694 om.
1835 2668 1879 2695 tn.

326 2710 346 2740 f.
375 2711 544 2749 Nicapharo
571 2715 620 2746 M,
653 2725 726 2742 corr.
750 2715 779 2742 in
805 2713 976 2751 Nicaphoro
1001 2715 1034 2743 C.
1159 2722 1185 2751 g.
1214 2725 1251 2742 ex
1274 2717 1309 2743 M
1331 2715 1504 2751 23v—32,
1537 2717 1563 2746 C
1583 2716 1778 2747 15v—22v.
1811 2719 1879 2748 Sine

326 2765 462 2792 lemmate
484 2767 536 2800 M,·
567 2764 697 2794 Sinodus
718 2766 815 2803 ipsius
839 2768 872 2796 C.
972 2766 1000 2795 h.
1029 2775 1047 2795 a
1067 2766 1131 2796 Deo
1155 2767 1295 2796 coronato
1318 2776 1424 2804 magno
1447 2769 1595 2798 excidisse
1615 2770 1739 2799 ridetur.
1775 2771 1809 2799 V.
1831 2782 1878 2799 su-

323 2827 383 2853 pra
402 2827 434 2853 p.
450 2816 499 2846 16.
609 2817 627 2846 i.
657 2818 840 2855 patriarchia
863 2821 913 2855 M,
940 2819 1120 2857 patriarchio
1146 2821 1178 2849 C.
1282 2819 1311 2848 k.
1341 2820 1510 2857 appellatur
1532 2823 1576 2850 M.
1682 2821 1701 2850 l.
1730 2822 1819 2851 etiam
1843 2825 1877 2853 C.

326 2877 365 2897 m.
395 2867 521 2898 Ortense
544 2872 583 2898 M
602 2875 628 2898 et
653 2872 679 2900 C
700 2869 752 2907 (cf.
774 2871 878 2906 infra).
963 2881 991 2901 n.
1019 2883 1092 2901 corr.
1111 2874 1138 2901 in
1162 2871 1286 2901 Iordane
1311 2873 1344 2902 C.
1450 2881 1476 2901 ο.
1504 2872 1641 2903 Eustatio
1666 2876 1699 2904 C.

423 2937 454 2972 1.
481 2940 609 2982 postea
633 2940 826 2976 oratorium
844 2939 880 2975 S.
897 2941 1076 2976 Venantii.
1105 2941 1150 2977 V.
1170 2939 1347 2986 Ciampini
1371 2941 1428 2977 De
1452 2942 1563 2977 sacris
1581 2941 1752 2978 aedificiis
1770 2955 1805 2989 p.
1821 2944 1876 2980 17.
