2028 3380
424 220 510 263 586
968 230 1074 259 vrrA
1104 230 1359 260 ADELBERTI
1389 231 1421 260 11

570 337 694 386 quam
726 323 840 366 dedit
871 322 1035 366 afflictis
1067 323 1208 377 sociis,
1238 337 1369 380 prope
1399 326 1532 367 morte
1564 323 1731 366 relictis.

569 399 803 456 Magnaque
833 413 931 456 pars
962 400 1061 443 cleri
1094 401 1169 443 sub
1202 402 1353 444 amoris
1382 402 1556 458 pignore
1586 401 1675 444 veri

477 489 536 519 585
569 477 657 520 eius
689 477 867 534 subponi
897 478 1026 532 gratis
1057 477 1189 520 voluit
1219 477 1384 533 dicioni,

569 558 611 597 et
640 554 829 597 dextram
861 554 1032 597 dextrae
1063 567 1265 610 personae
1293 554 1431 597 iunxit
1459 555 1669 598 honestae.

571 628 755 687 Tamque
784 631 965 688 potentis
997 631 1088 674 heri
1117 631 1215 685 iuga
1243 631 1325 674 fert
1353 645 1501 674 manus
1532 635 1676 674 extera
1704 629 1818 685 cleri,

568 708 684 751 cuius
716 722 759 751 se
791 709 922 751 credit
952 707 1060 751 fidei.
1112 707 1199 751 Nec
1230 708 1367 762 segnis
1399 708 1558 760 obedit3

567 785 664 827 huic
694 785 817 828 hilari
848 788 1012 840 gratum
1044 785 1146 828 dans
1179 784 1327 828 affectu
1357 784 1616 828 famulatum.

481 874 540 903 590
571 861 715 905 Clerus
748 866 789 905 et
820 862 1038 917 ecclesiae,
1069 862 1275 904 famulans
1306 862 1350 904 in
1380 861 1535 904 honore
1564 861 1722 904 Mariae

570 939 744 994 virginis
776 942 818 982 et
846 940 995 982 matris
1009 937 1031 994 ¹,
1063 939 1190 982 fovet
1205 939 1314 981 hunc
1345 938 1457 982 cultu
1487 938 1670 995 pietatis,

569 1016 635 1059 cui
665 1030 709 1059 se
740 1016 879 1060 subdit
908 1017 1031 1059 homo
1062 1030 1160 1072 pars
1193 1029 1245 1058 ex
1274 1015 1352 1058 hoc
1382 1015 1567 1058 maxima
1596 1014 1725 1068 clero;

569 1094 749 1136 nominis
779 1094 973 1136 immensi
1002 1093 1153 1136 fratres
1186 1093 1244 1135 sic
1274 1093 1377 1135 urbe
1407 1092 1602 1136 Remensi

568 1184 652 1213 non
681 1170 797 1227 piget
826 1170 948 1213 huius
979 1170 1088 1224 heri,
1121 1183 1197 1212 nec
1227 1183 1271 1212 se
1303 1170 1459 1212 servire
1489 1169 1625 1212 fateri.

479 1260 537 1290 595
569 1247 706 1302 thue
736 1246 838 1290 fides
869 1247 968 1290 cleri
998 1261 1080 1290 non
1111 1247 1218 1289 falsa
1246 1250 1416 1303 putetur
1446 1246 1603 1301 haberi,

567 1326 610 1367 in
641 1324 738 1367 fidei
769 1325 934 1379 signum
965 1328 1108 1367 votum
1139 1337 1314 1366 sanxere
1345 1323 1588 1378 benignum3

568 1415 666 1444 nam
697 1415 845 1444 manus
876 1401 1034 1444 inserta
1065 1400 1256 1443 manibus
1289 1400 1360 1443 dat
1389 1401 1566 1456 pignora
1596 1403 1709 1444 certa

568 1478 655 1521 voti
684 1478 905 1532 ferventis,
936 1476 1033 1520 fidei
1063 1477 1130 1520 vel
1159 1477 1252 1520 labe
1284 1477 1475 1520 carentis.

629 1555 815 1611 Cumque
846 1554 979 1598 scolas
1010 1554 1184 1608 multas,
1220 1567 1321 1609 quas
1354 1554 1454 1597 artis
1485 1553 1610 1610 plena
1637 1551 1814 1596 facultas

480 1646 540 1676 600
573 1633 813 1676 reddiderat
842 1632 995 1686 claras,
1028 1631 1107 1675 sibi
1138 1634 1326 1675 censeret
1354 1631 1443 1674 fore
1473 1644 1604 1685 caras,

568 1710 662 1767 plus
693 1713 834 1752 tamen
866 1707 1062 1764 Albriei²‚
1095 1723 1199 1765 quae
1230 1711 1417 1751 senserat
1447 1708 1605 1764 optima
1635 1707 1730 1762 dici,

572 1787 769 1842 dogmata
798 1787 958 1829 maiora
990 1786 1069 1829 sibi
1100 1786 1260 1829 censuit
1289 1785 1470 1828 utiliora.

569 1865 667 1919 Qui,
699 1878 808 1907 nova
837 1863 1056 1920 pandendo
1088 1866 1152 1907 set
1180 1876 1262 1906 non
1296 1862 1466 1917 antiqua
1493 1861 1665 1916 silendo,

567 1942 709 1985 littera
740 1955 844 1997 quae
876 1941 985 1995 celat
1013 1944 1132 1984 vetus
1164 1943 1236 1983 aut
1265 1953 1374 1982 nova
1403 1939 1579 1995 scripta,
1611 1938 1782 1993 revelat,

481 2032 539 2062 605
573 2019 778 2074 dogmatis
807 2018 1002 2061 immensi
1034 2019 1118 2060 dux
1149 2018 1308 2074 primus
1341 2017 1385 2059 in
1415 2016 1517 2059 urbe
1547 2015 1756 2070 Remensi,

569 2099 912 2140 testamentorum
942 2095 1129 2151 pandens
1161 2097 1321 2137 secreta
1350 2094 1538 2136 duorum.

630 2173 757 2217 Cuius
788 2176 855 2216 ut⁸
885 2172 1069 2215 imbutus
1098 2172 1179 2214 fuit
1210 2175 1319 2226 arte,
1352 2184 1479 2226 sagax
1512 2173 1554 2213 et
1584 2172 1727 2213 acutus

569 2252 734 2306 ingenio
767 2250 896 2304 culto,
929 2249 1125 2292 comitum
1157 2249 1266 2292 redit
1297 2248 1460 2303 agmine
1491 2247 1621 2290 multo

572 2329 623 2372 ad
655 2328 813 2385 patrias
845 2330 1007 2384 partes,
1039 2326 1152 2369 velut
1182 2339 1324 2368 omnes
1356 2325 1523 2368 duceret
1555 2328 1677 2379 artes,

480 2420 540 2450 610
570 2405 644 2449 flos
674 2406 892 2460 iuvenum,
924 2403 1084 2447 iuvenis
1117 2402 1347 2445 studiorum
1377 2402 1482 2445 liber
1511 2401 1697 2456 habenis,

569 2486 664 2540 post
695 2483 821 2525 studii
853 2482 991 2524 dotem
1021 2483 1169 2537 patruo
1200 2482 1420 2523 revocante
1449 2481 1657 2535 nepotem,

571 2560 736 2617 presule
768 2572 848 2615 quo
879 2559 1008 2602 letum
1039 2558 1173 2601 tenuit
1203 2556 1418 2612 Moguntia
1447 2558 1584 2599 cetum

571 2637 763 2681 catholici
793 2636 912 2689 cleri3
943 2635 1098 2678 meruit
1126 2634 1241 2678 velut
1269 2634 1340 2677 ille
1369 2633 1514 2676 teneri.

519 2778 545 2798 a.
573 2770 618 2798 sic
638 2774 682 2798 est
704 2768 734 2797 et
755 2773 913 2796 correctum
934 2769 963 2796 in
985 2766 1053 2795 cod.

520 2839 551 2872 1.
585 2838 701 2872 clerus
726 2836 899 2871 ecclesiae
924 2834 960 2870 S.
978 2835 1111 2870 Mariae
1135 2833 1334 2869 Remensis.
1454 2832 1486 2866 2.
1517 2832 1573 2866 De
1594 2829 1740 2866 Albrico
1763 2828 1966 2875 professore

424 2897 610 2942 Remens1,
636 2898 763 2941 postea
788 2894 1055 2938 (1136—1141)
1081 2892 1348 2936 archiepiscopo
1372 2890 1588 2925 Bituricensi
1612 2888 1657 2925 cf.
1683 2899 1809 2934 supra,
1835 2887 1966 2923 Biblio-

425 2956 551 2992 thecae
575 2955 681 2991 huius
706 2955 748 2991 T.
766 2954 783 2989 I
799 2955 867 2989 278
892 2965 926 2989 n.
945 2954 976 2989 6.
