2028 3380
377 197 463 240 346
830 207 1078 238 EPISTOLAE
1105 208 1408 239 MOGUNTINAE
1442 208 1479 237 17

283 308 353 345 955
494 301 788 346 Fraternitatis
827 315 969 346 amore
1007 303 1091 346 acti
1125 301 1289 359 fideque
1325 301 1608 358 antiquiorum
1638 303 1934 360 circumcincti,

378 394 428 424 ea
456 380 573 423 vobis
606 382 856 435 sanctaeque
886 379 1154 435 Mogontinae
1187 380 1426 435 aecclesiae,
1458 380 1526 423 cui
1554 381 1773 437 praeestis,
1810 381 1935 426 dene-

377 471 476 512 gare
507 457 762 512 ignoramus,
794 460 966 514 propter
997 471 1103 513 quae
1134 462 1295 502 vestros
1319 458 1490 501 nuntios
1512 457 1565 501 ad
1585 461 1773 502 sanctam
1794 459 1935 504 sedem

377 534 581 592 principis
614 534 898 591 apostolorum
930 538 971 578 et
992 535 1045 578 ad
1064 539 1250 579 nostram
1275 534 1546 592 apostolicam
1568 535 1814 591 dignitatem
1834 537 1935 581 mis-

378 626 446 655 sos
477 611 766 667 cognoscimus
798 615 840 656 et
871 626 977 667 quae
1007 613 1139 656 nostri
1171 616 1454 657 antecessores
1484 613 1636 657 vestris
1664 615 1936 659 antecessori-

377 690 456 734 bus
494 690 700 744 denegare
737 689 996 744 ignorarunt.
1046 689 1209 734 Scimus
1239 704 1337 734 vero
1368 691 1519 734 vestris
1554 690 1707 734 litteris
1737 691 1935 736 intiman-

377 768 513 812 tibus:
554 770 698 810 sancto
728 766 942 810 Bonifacio
981 771 1119 811 vestro
1158 768 1411 812 antecessori
1450 781 1475 810 a
1505 766 1706 823 Gregorio
1741 769 1935 826 secundo,

379 844 580 900 Gregorio
611 845 749 900 terti0,
781 858 859 888 nec
889 858 973 888 non
1002 845 1206 888 Zacharia
1234 845 1389 888 nostris
1420 845 1774 890 antecessoribus·
1793 850 1935 891 nostro

378 923 523 979 utique
558 922 898 979 praedecessore,
937 936 1015 966 nec
1043 936 1127 966 non
1157 935 1424 980 praecessore
1454 926 1597 967 nostro
1627 921 1815 968 Marino¹
1843 923 1935 968 Fri-

379 1001 523 1044 durico
554 1003 698 1043 nostro
730 1000 944 1055 confratri,
975 1003 1114 1043 vestro
1145 1000 1417 1057 praecessori,
1450 1000 1661 1057 collatum,
1692 1005 1741 1045 ut
1765 1001 1811 1045 in
1836 1015 1935 1060 par-

378 1079 491 1122 tibus
527 1078 656 1121 totius
689 1076 939 1121 Germaniae
971 1077 1212 1133 Galliaeque
1249 1078 1440 1134 provisor
1470 1081 1639 1122 sanctae
1669 1078 1936 1135 Mogontinae

379 1156 490 1199 sedis
520 1155 702 1199 vicarius
733 1155 968 1210 missusque
1000 1155 1219 1212 apostolici
1249 1158 1480 1210 teneretur3
1512 1156 1573 1199 ita
1595 1160 1655 1212 ut,
1687 1157 1724 1199 si
1747 1170 1850 1212 quos
1870 1157 1934 1201 in-

379 1234 563 1277 venisset
593 1233 705 1276 viros
745 1246 770 1275 a
806 1236 920 1275 recto
951 1233 1121 1276 tramite
1150 1233 1336 1276 iustitiae
1367 1234 1602 1289 deviantes,
1639 1234 1935 1291 cuiuscumque

380 1315 519 1355 essent
549 1324 766 1367 personae,
798 1310 852 1352 ad
875 1323 920 1353 se
942 1323 1104 1366 vocare,
1136 1311 1207 1354 ubi
1227 1311 1309 1354 loci
1330 1311 1468 1366 vellet,
1498 1325 1681 1367 monere,
1713 1312 1934 1368 corrigere,

380 1389 667 1446 synodumque
698 1388 950 1431 constituere
977 1388 1050 1431 ubi
1071 1388 1208 1443 vellet,
1239 1391 1490 1445 potestatem
1512 1389 1730 1446 apostolici
1748 1389 1933 1434 haberet.

378 1466 499 1522 Inde,
532 1466 631 1522 quia
661 1479 734 1508 vos
764 1464 889 1508 fidem
920 1465 1300 1521 subiectionemque
1331 1469 1374 1510 et
1402 1470 1588 1521 caetera,
1621 1466 1760 1522 qualia
1790 1480 1934 1512 omnes

380 1546 548 1587 sanctae
576 1542 818 1598 Mogontine
850 1543 960 1586 sedis
991 1543 1153 1600 priores
1184 1544 1421 1600 provisores
1451 1544 1555 1587 fassi
1583 1548 1700 1600 sunt,
1729 1544 1933 1601 fatemini,

379 1621 555 1665 eandem
585 1621 703 1664 vobis
734 1623 986 1677 potestatem
1017 1621 1280 1664 concedimus
1294 1655 1305 1677 ,
1348 1635 1473 1677 quam
1501 1622 1662 1678 priores
1692 1623 1826 1666 nostri
1855 1623 1935 1666 viri

380 1699 599 1756 apostolici
637 1698 789 1742 vestris
828 1698 1038 1755 prioribus
1077 1703 1390 1753 concesserunt;
1431 1699 1626 1755 quatinus
1663 1700 1754 1743 vice
1790 1703 1935 1744 nostra

379 1777 603 1820 sceleratos
635 1779 677 1819 et
706 1789 862 1832 pravae
891 1776 1002 1819 vitae
1033 1776 1221 1820 homines
1245 1777 1433 1820 habeatis
1454 1779 1704 1834 potestatem
1725 1778 1935 1835 corripere

380 1858 423 1898 et
462 1855 514 1897 ad
554 1854 668 1898 viam
706 1853 896 1897 veritatis
928 1854 1078 1897 vestris
1110 1855 1439 1898 exortationibus
1469 1867 1665 1898 revocare
1695 1858 1738 1898 et
1766 1858 1815 1898 ut
1841 1855 1933 1899 sitis

380 1935 522 1975 noster
542 1931 723 1975 vicarius
745 1931 897 1974 missus
918 1931 963 1974 in
982 1932 1174 1987 partibus
1195 1931 1444 1975 Germaniae
1466 1931 1728 1988 Galliaeque:
1758 1936 1819 1988 ut,
1841 1932 1933 1976 ubi-

380 2022 558 2064 cumque
586 2009 803 2065 episcopos
823 2009 1076 2065 presbiteros
1098 2010 1292 2053 diaconos
1315 2010 1380 2053 vel
1399 2009 1624 2053 monachos
1645 2010 1774 2053 etiam
1794 2010 1932 2053 cuius-

380 2100 556 2142 cumque
592 2099 796 2143 personae
836 2086 1023 2129 homines
1055 2090 1201 2130 contra
1231 2100 1409 2130 canones
1440 2090 1483 2130 et
1512 2087 1739 2131 constituta
1769 2090 1932 2131 sancto-

379 2178 475 2207 rum
504 2167 674 2220 patrum
706 2163 793 2207 sive
823 2167 969 2206 contra
1000 2163 1325 2208 aeclesiasticam
1356 2165 1545 2219 regulam
1565 2165 1794 2208 excessisse
1812 2178 1932 2222 repe-

379 2242 511 2296 rietis,
544 2241 774 2298 apostolica
804 2241 1050 2284 auctoritate
1080 2242 1199 2284 iuxta
1219 2255 1398 2285 canones
1420 2245 1461 2285 et
1480 2242 1674 2286 instituta
1694 2245 1933 2286 sanctorum

380 2322 566 2376 patrum·
587 2318 682 2362 illos
713 2319 919 2373 corrigere
951 2322 992 2362 et
1023 2319 1075 2361 ad
1107 2319 1218 2362 viam
1248 2320 1436 2362 veritatis
1467 2320 1665 2363 reducere
1695 2333 1779 2363 non
1810 2320 1931 2363 omit-

380 2396 493 2439 tatis.
543 2395 759 2452 Synodum
791 2396 916 2439 etiam
947 2396 1065 2439 vobis
1096 2396 1304 2453 provisori
1324 2397 1644 2454 metropolitano
1666 2395 1932 2452 Mogontinae

382 2474 492 2517 sedis
529 2474 802 2528 constituere,
843 2473 914 2516 ubi
944 2473 1129 2530 placeat,
1170 2474 1432 2517 concedimus
1463 2474 1653 2531 partibus
1685 2462 1932 2518 Germaniae

382 2550 625 2606 Galliaeque
657 2552 746 2594 sine
778 2539 951 2594 alicuius
982 2551 1308 2595 contradictione
1329 2565 1544 2608 personae.
1639 2551 1684 2595 Si
1706 2552 1798 2608 quis
1818 2565 1930 2607 vero,

383 2629 493 2685 quod
524 2628 646 2683 absit,
678 2628 795 2671 vobis
826 2628 980 2671 vicario
1012 2629 1229 2685 apostolici
1249 2628 1351 2672 velit
1371 2629 1508 2684 aliquo
1530 2629 1825 2684 contradicere,
1857 2642 1930 2672 vos

383 2706 654 2762 apostolicam
693 2705 833 2748 sedem
866 2705 1135 2762 appellando,
1175 2707 1298 2760 sciat,
1338 2707 1421 2749 nisi
1453 2710 1549 2750 ante
1578 2720 1654 2750 nos
1684 2707 1931 2750 terminetur

381 2787 568 2840 tempore
600 2797 625 2825 a
654 2783 771 2826 vobis
803 2783 1040 2838 constituto,
1072 2783 1187 2826 illum
1219 2783 1446 2840 apostolica
1466 2784 1753 2828 benedictione
1772 2784 1931 2841 privari

383 2864 424 2903 et
455 2860 730 2903 anathematis
761 2861 926 2904 vinculo
957 2861 1137 2915 religari.

477 2948 508 2982 l.
539 2947 574 2983 H
598 2947 810 2984 942—946.
1063 2964 1089 2985 a.
1119 2957 1148 2985 et
1170 2954 1322 2994 Stephano
1344 2956 1492 2986 excidisse
1513 2956 1637 2986 videtur.
