2028 3380
381 202 467 244 496
779 213 841 242 Ex
872 211 1076 242 o‘rHLom
1106 213 1210 243 vrrA
1241 213 1276 244 s.
1299 213 1530 245 nomi-“ATU

381 321 407 349 a
437 306 636 361 quodam,
669 305 859 360 proxime
889 305 1008 348 illum
1040 305 1206 361 adesse,
1243 320 1365 362 quem
1396 311 1631 363 quaereret,
1670 310 1830 365 Roqate
1854 307 1922 353 in·-

381 384 471 438 quit
501 398 591 425 eum
621 383 700 425 huc
729 385 867 425 venire
897 385 1148 439 quantotius,
1191 387 1291 440 quia
1321 400 1456 428 secum
1485 388 1758 430 sermocinari
1785 387 1924 429 senior

385 462 545 517 appetit
580 475 706 503 meus.
752 460 840 512 Quo
878 460 1070 504 veniente
1108 463 1149 503 et
1185 461 1393 517 utrimque
1431 462 1601 506 alterius
1641 462 1822 506 adventu
1850 461 1923 507 de-

380 536 598 591 nunciato,
641 551 739 582 mox
770 538 1030 594 praeparatis
1062 538 1179 593 equis
1211 538 1262 581 ab
1291 542 1466 594 utroque
1495 539 1600 594 itur3
1641 542 1683 583 et
1711 539 1755 582 in
1784 538 1922 583 medio

381 628 501 657 amne
542 615 850 658 occurrentibus
891 618 1014 670 atque
1055 615 1402 671 colloquentibus,
1450 615 1650 660 Gewiliob
1689 617 1921 673 episcopus,

379 691 486 734 clam
516 692 653 735 ferens
684 691 880 748 gladium,
913 693 989 735 ait:

584 771 741 827 Accipe
770 772 856 812 iam
873 771 1058 826 ferrum,
1092 785 1172 826 quo
1201 779 1363 826 patrem
1391 772 1557 813 vindico
1589 785 1743 813 carum.

585 846 698 890 Haec
728 847 856 901 igitur
887 847 1041 902 dicens,
1073 847 1210 901 gladio
1242 860 1340 890 mox
1370 847 1551 903 perfodit
1577 846 1708 890 illum.

378 923 470 978 Qui,
495 924 636 967 statim
658 937 850 967 corruens
873 938 924 967 ex
946 937 1063 980 equo,
1095 924 1136 966 in
1158 923 1328 967 flumine
1349 924 1530 967 exalavit
1551 924 1758 980 spiritum.
1796 921 1921 968 Gum-

378 1014 455 1056 que
487 1002 550 1044 sui
573 1001 675 1044 talia
695 1005 977 1056 agnoscerent,
1010 1001 1060 1044 ab
1083 1001 1273 1044 omnibus
1295 1001 1564 1055 clamabatur,
1595 1001 1804 1056 utrimque
1823 1012 1920 1044 con-

376 1078 497 1120 sertis
534 1079 675 1121 cuneis
712 1092 973 1135 summopere
1004 1079 1290 1121 dimicabatur.
1344 1078 1639 1135 Superatisque
1671 1077 1920 1131 Saxonibus,

376 1154 681 1198 Karlomannus
720 1169 813 1198 cum
853 1157 938 1198 suis
970 1156 1022 1199 ad
1052 1156 1222 1212 propria
1251 1156 1472 1210 remeavit,
1513 1155 1677 1198 nemine
1707 1155 1772 1210 id,
1810 1154 1921 1210 quod

375 1232 532 1275 factum
571 1236 634 1276 est
665 1246 689 1275 a
720 1231 966 1286 Gewiliobe,
1006 1233 1051 1275 in
1087 1233 1300 1276 homicidii
1330 1233 1487 1276 crimen
1518 1232 1754 1289 deputante.
1801 1230 1920 1275 Unde

377 1313 418 1353 et
453 1323 644 1352 reversus
676 1294 796 1352 solito
828 1309 1083 1366 episcopales
1115 1310 1195 1353 sibi
1225 1310 1461 1353 vendicavit
1491 1323 1601 1352 usus.
1712 1309 1772 1352 At
1802 1322 1920 1352 sanc-

376 1389 442 1429 tus
473 1387 641 1443 praesul
660 1386 912 1441 Bonifacius,
943 1387 1052 1430 inter
1083 1390 1245 1430 caetera
1275 1387 1541 1430 correctionis
1569 1386 1786 1442 colloquia,
1817 1386 1920 1430 haec

377 1464 532 1520 pariter
567 1464 611 1506 in
642 1467 847 1507 conventu
877 1464 1066 1520 synodali
1097 1464 1289 1520 protulit;
1333 1468 1555 1519 attestans,
1594 1462 1754 1506 nullum
1786 1462 1919 1506 homi-

374 1540 473 1583 cidii
502 1544 621 1584 reatu
651 1541 857 1598 pollutum
881 1541 1030 1584 debere
1052 1541 1278 1598 episcopali
1300 1542 1534 1584 sacerdocio
1554 1541 1682 1595 fungi.
1729 1540 1797 1582 Ad
1817 1540 1919 1584 haec

375 1618 500 1660 etiam
533 1618 571 1661 ei
602 1618 764 1673 obiecit,
796 1619 978 1675 propriis
1011 1632 1054 1661 se
1085 1619 1214 1661 oculis
1236 1619 1499 1675 perspexisse
1519 1618 1638 1661 illum
1658 1630 1752 1660 cum
1772 1617 1917 1661 avibus

374 1695 626 1750 canibusque
656 1696 876 1751 iocantem,
909 1696 1019 1751 quod
1051 1696 1244 1752 episcopo
1274 1696 1507 1739 nallatenus
1528 1695 1684 1738 liceret.
1730 1694 1917 1739 Audiens

374 1775 513 1816 autem
542 1772 645 1816 haec
675 1772 876 1816 Gewiliob
907 1774 1189 1828 sentiensque,
1227 1787 1270 1816 se
1301 1773 1415 1816 nullo
1445 1773 1566 1815 modo
1597 1775 1741 1816 contra
1771 1772 1917 1815 stimu-

371 1849 456 1892 lum
488 1850 554 1892 vel
585 1850 781 1893 secularis
811 1851 1022 1907 potentiae
1053 1864 1126 1893 seu
1157 1851 1415 1893 auctoritatis
1438 1850 1672 1904 canonicae,
1705 1863 1809 1905 quae
1829 1863 1916 1892 me-

373 1926 512 1970 diante
559 1931 699 1970 sancto
738 1927 951 1970 Bonifacio
996 1928 1041 1970 in
1088 1941 1230 1970 omnes
1269 1941 1406 1970 coram
1446 1927 1603 1984 positos
1641 1926 1914 1981 deferebatur,

372 2003 610 2047 calcitrare⁸
631 2018 767 2060 posse,
798 2005 951 2047 iudicio
983 2006 1193 2048 consensit
1223 2004 1431 2047 communi
1461 2003 1752 2059 depositusque
1780 2007 1843 2046 est
1863 2003 1915 2047 ab

373 2081 516 2124 ordine
556 2081 793 2138 episcopali.
849 2082 936 2133 Quo
977 2082 1185 2139 deposito,
1231 2081 1373 2125 statim
1411 2084 1576 2123 sanctus
1613 2079 1850 2123 Bonifacius
1890 2093 1915 2123 a

372 2158 622 2214 supradictis
660 2159 937 2215 principibus,
978 2159 1257 2202 Karlomanno
1289 2158 1481 2201 videlicet
1511 2160 1552 2200 et
1577 2156 1756 2213 Pippino
1782 2157 1913 2211 fratre

372 2236 481 2291 eius,
522 2236 744 2280 aecclesiae
775 2236 1106 2291 Mogonciacensi
1142 2235 1392 2292 praeficitur.
1445 2234 1501 2277 Et
1538 2238 1585 2277 ut
1614 2235 1702 2277 eius
1733 2235 1913 2289 dignitas

372 2313 619 2356 eminentior
648 2314 769 2369 foret,
802 2314 1073 2357 decreverunt
1092 2313 1202 2356 idem
1227 2313 1450 2369 principes,
1483 2311 1722 2354 aecclesiam
1742 2311 1912 2366 Mogon-

371 2390 612 2446 ciacensem,
651 2405 755 2446 quae
786 2391 901 2447 prius
934 2391 1055 2434 alteri
1086 2390 1271 2433 subiecta
1301 2393 1402 2444 erat,
1433 2388 1697 2444 metropolim
1727 2389 1911 2431 omnium

370 2467 414 2509 in
445 2466 669 2511 Germania
699 2469 929 2525 positarum
951 2468 1243 2511 aecclesiarum
1265 2466 1437 2510 efficere.
1484 2465 1676 2521 Moxque,
1707 2465 1912 2520 legatione

370 2544 493 2600 facta,
524 2545 628 2588 illud
659 2559 684 2588 a
713 2545 904 2602 praesule
936 2545 1160 2602 apostolico
1192 2545 1478 2601 impetravere.

489 2623 581 2666 Tali
619 2636 715 2677 ergo
756 2623 1001 2666 auctoritate
1033 2621 1244 2676 suffultus,
1283 2624 1448 2663 sauctus
1477 2619 1735 2674 Bonifacius,
1776 2618 1912 2674 coepit

370 2700 550 2756 undique
588 2700 707 2756 quasi
742 2714 873 2743 novus
914 2699 1236 2743 archimandrita
1275 2711 1378 2753 quae
1409 2697 1550 2739 divina
1581 2700 1677 2739 sunt
1706 2696 1909 2752 plantare,

369 2777 572 2820 diabolica
601 2791 698 2821 vero
731 2778 960 2834 extirpare,
1000 2777 1197 2820 coenobia
1228 2775 1527 2828 aecclesiasque
1559 2773 1794 2827 aedificare,
1834 2786 1909 2829 pa-

369 2857 499 2897 stores
538 2855 800 2898 cautissimos
839 2854 1048 2898 aecclesiis
1087 2854 1241 2897 eisdem
1279 2865 1546 2908 praeponere.
1597 2850 1705 2893 Nam
1743 2852 1909 2906 praeter

463 2958 490 2978 a.
518 2949 656 2979 calcitare
678 2961 703 2979 c.
