2028 3386
460 246 496 278 s.
518 245 754 278 BomA‘rn
782 247 841 278 ΕΤ
871 248 1008 279 LULm
1037 248 1288 280 EPISTOLAE
1597 239 1651 282 21

84 355 190 398 quos
219 341 280 385 ad
307 356 442 384 annos
466 342 722 398 pertineant,
754 343 843 384 iam
869 344 1021 385 certius
1049 358 1212 387 censere
1232 344 1362 387 licuit.
1411 343 1659 389 Cuiusmodi

84 418 270 476 exemplo
315 418 385 461 hic
425 418 602 462 breviter
642 420 876 472 ostendam,
927 421 1097 476 quando
1138 421 1388 477 Bonifatius
1435 424 1654 480 episcopus

83 503 344 539 consecratus
375 497 431 539 sit
437 511 452 546 ,·
484 497 599 553 quod
629 497 799 553 quidem
829 497 1057 540 secundum
1077 498 1264 554 Paqium
1294 500 1353 541 ad
1382 515 1542 542 annum
1562 500 1655 543 723

81 574 342 616 securissime
367 573 522 629 referri
545 573 659 616 solet.
704 571 962 617 Testimonia
986 582 1123 617 autem
1145 577 1232 617 eius
1253 578 1318 618 rei
1336 585 1434 620 sunt
1455 586 1652 634 quatuor,

82 664 133 693 ex
170 650 322 707 quibus
358 665 490 694 unum
521 652 572 694 de
603 652 690 704 die,
733 651 900 708 reliqua
930 653 1016 694 tria
1047 652 1097 694 de
1128 668 1240 695 anno
1273 654 1458 697 tradunt.
1517 654 1653 697 Willi-

81 726 232 770 baldus
269 729 381 771 enim
416 730 463 771 in
500 730 589 772 vita
618 728 838 785 Bonifatii
874 729 985 771 diem
1022 729 1164 772 attulit
1199 729 1258 772 30
1289 745 1344 772 m.
1377 731 1654 782 Novembris,-

80 806 188 848 anm‘
228 819 327 849 vero
371 814 495 850 notae
538 808 585 849 in
630 808 865 848 iuramento
904 805 1124 862 Bonifatii
1166 807 1308 849 eodem
1348 808 1416 850 die
1446 810 1654 864 praestito

80 881 203 940 (cap.
226 881 306 937 17)
329 891 367 927 et
395 885 442 926 in
474 884 636 927 duabus
661 882 862 940 Greqorii
881 882 939 925 II
957 898 1104 940 papae
1133 884 1319 940 epistolis
1338 886 1545 941 postridie
1567 887 1654 928 eius

79 960 168 1003 diei
194 961 306 1004 datis
337 959 424 1018 (ep.
447 961 506 1013 18
537 969 573 1004 et
604 960 683 1014 19)
714 962 986 1004 inveniuntur
1016 961 1093 1004 hoc
1123 962 1272 1004 modo:

593 1044 734 1087 Leone
980 1042 1255 1088 Constantino
1366 1046 1595 1088 indictione

495 1118 576 1160 imp.
644 1118 725 1160 post
749 1125 839 1148 cons.
954 1153 956 1155 ¹
1087 1118 1167 1160 imp.

235 1179 350 1238 (cap.
374 1179 454 1235 17)
485 1197 525 1224 a.
548 1181 578 1224 6
699 1196 739 1223 a.
762 1180 791 1223 6
1079 1197 1118 1223 a.
1142 1182 1171 1224 4
1459 1182 1500 1224 6.

267 1255 353 1315 (ep.
377 1257 456 1311 18)
488 1274 527 1300 a.
550 1258 581 1301 7
700 1274 740 1300 a.
762 1258 791 1300 7
1080 1274 1119 1300 a.
1142 1259 1172 1301 4
1460 1259 1501 1302 6.

265 1333 352 1392 (ep.
375 1334 455 1389 19)
486 1351 526 1378 a.
549 1335 579 1378 7
700 1352 739 1378 a.
762 1335 791 1377 7
1079 1352 1118 1377 a.
1142 1336 1171 1378 4
1459 1336 1501 1379 6.

76 1418 206 1462 Diem
236 1427 374 1462 autem
403 1418 526 1461 illum
554 1418 614 1462 30
634 1418 886 1462 Novembris
905 1418 1050 1475 fuisse
1070 1420 1177 1461 anni
1195 1418 1298 1471 722,
1335 1419 1656 1476 locupletissime

76 1497 334 1540 demonstrat
363 1497 540 1539 indictio
563 1497 614 1547 6,·
648 1498 870 1553 eodemque
901 1504 1090 1553 spectant
1122 1498 1247 1539 etiam
1277 1498 1324 1539 in
1349 1513 1442 1553 cap.
1465 1497 1523 1540 17
1544 1497 1653 1540 Leo-

75 1575 143 1616 nis
179 1576 353 1632 imperii
387 1590 524 1618 annus
555 1575 584 1618 6
616 1584 655 1618 et
681 1583 779 1631 post
811 1574 1075 1617 consulatum
1106 1589 1243 1617 annus
1275 1574 1304 1617 6
1317 1571 1338 1615 ¹.
1387 1574 1537 1631 Neque
1566 1577 1654 1617 iam

77 1652 196 1705 latet,
231 1666 359 1708 quam
386 1667 613 1709 perperam
643 1653 830 1709 Paqius‚
866 1652 1043 1706 confisus
1074 1652 1263 1708 reliquae
1292 1660 1490 1694 notarum
1519 1654 1652 1710 impe-

76 1728 251 1772 rialium
275 1731 418 1787 parti,
452 1745 613 1772 annum
642 1730 732 1773 723
760 1730 1018 1787 postulanti,
1052 1738 1197 1772 contra
1228 1731 1382 1772 iustam
1415 1729 1657 1773 Sirmondii

75 1808 321 1850 sententiam
349 1809 396 1850 in
416 1808 642 1863 fidissimis
674 1816 712 1850 et
734 1809 1082 1850 constantissimis
1104 1808 1336 1864 quibusque
1356 1809 1542 1861 indiciis,
1575 1810 1651 1851 iis—

75 1885 250 1941 demque
293 1885 404 1928 ultro
450 1895 679 1930 ceterorum
722 1900 993 1928 numerorum
1033 1894 1156 1942 parte
1194 1886 1470 1940 confirmatis,
1518 1888 1652 1928 inesse

74 1963 180 2006 vitia
208 1964 411 2006 statuerit.

192 2040 341 2083 Novus
373 2041 645 2098 epistolarum
676 2042 795 2094 ordo,
829 2043 906 2097 qui
932 2041 1187 2098 temporibus
1210 2050 1403 2084 accurate
1425 2041 1648 2084 observan-

74 2119 140 2161 dis
173 2118 336 2175 effectus
368 2127 439 2172 est,
472 2128 520 2162 ut
550 2134 643 2161 cum
665 2120 865 2176 priorum
897 2120 1126 2161 editionum
1151 2119 1500 2176 dispositionibus
1509 2119 1650 2175 facile

75 2198 320 2253 comparari
343 2205 498 2254 posset,
533 2211 705 2253 operam
735 2198 902 2239 navavi.
952 2196 1101 2253 Itaque
1132 2198 1310 2253 sinqulis
1336 2197 1543 2254 capitibus
1567 2213 1647 2239 nu-

73 2288 207 2334 meros
231 2273 501 2327 Serariunos,
536 2274 929 2327 Wilrdtweinianos‚
957 2272 1196 2319 Gilesianos
1218 2276 1403 2331 ascripsi
1422 2277 1482 2317 ita
1498 2274 1556 2327 (S
1572 2275 1645 2327 52,

85 2351 255 2405 W160,
295 2350 335 2397 G
364 2351 481 2405 148)
515 2351 580 2404 (S
601 2352 680 2405 21,
722 2350 814 2397 WG
835 2351 922 2406 20)
965 2361 1060 2405 cet.,
1105 2353 1346 2408 indicesque
1384 2352 1546 2408 confeci
1581 2367 1644 2394 se-

74 2438 261 2485 quentes:

143 2508 292 2545 Numeri
464 2509 613 2545 Numeri
785 2510 934 2545 Numeri
1108 2509 1258 2545 Numeri
1432 2509 1581 2544 Numeri

101 2566 219 2590 Senti-ni
254 2567 327 2590 amni
407 2566 525 2590 eor-riui
567 2568 640 2590 nostri
728 2568 844 2591 Semi-ni
889 2575 933 2590 ιιοι
944 2567 963 2590 ti
1050 2567 1167 2591 Semi-ni
1211 2568 1286 2591 nostri
1374 2567 1491 2590 Semi-ni
1533 2567 1609 2590 nostri

145 2621 165 2656 1
286 2621 308 2656 9
466 2621 485 2656 7
585 2621 630 2656 75
763 2622 808 2656 13
906 2621 950 2656 72
1086 2622 1130 2656 19
1228 2622 1274 2656 59
1407 2620 1454 2655 25
1550 2621 1595 2655 91

143 2681 166 2716 2
261 2681 308 2716 86
464 2680 487 2715 8
583 2681 628 2715 61
763 2680 808 2715 14
906 2680 951 2715 73
1085 2680 1131 2715 20
1228 2680 1274 2715 88
1407 2680 1453 2714 26
1549 2680 1596 2715 40

143 2739 166 2775 3
262 2740 309 2775 55
464 2739 487 2775 9
583 2739 629 2775 62
765 2740 808 2774 15
905 2739 952 2774 30
1083 2739 1127 2773 21
1229 2739 1274 2773 10
1406 2739 1451 2774 27
1549 2739 1596 2774 34

142 2798 166 2834 4
265 2799 310 2835 76
443 2799 488 2834 10
584 2799 631 2834 60
763 2798 808 2834 16
905 2799 950 2833 87
1084 2798 1130 2832 22
1226 2798 1271 2832 31
1407 2798 1453 2833 28
1549 2798 1596 2833 32

143 2857 167 2894 5
261 2858 307 2893 41
442 2858 485 2893 11
583 2858 629 2893 29
764 2858 807 2893 17
907 2858 954 2893 64
1083 2857 1130 2891 23
1226 2856 1272 2891 89
1337 2796 1341 2961 Ι
1406 2857 1452 2892 29
1548 2858 1595 2892 92

143 2917 166 2952 6
262 2916 308 2952 39
443 2917 487 2952 12
585 2917 631 2953 74
764 2917 809 2952 18
885 2917 952 2952 102
1084 2915 1130 2951 24
1226 2915 1273 2951 90
1405 2917 1452 2952 30
1547 2917 1593 2951 96

167 2994 199 3029 1.
224 2993 271 3030 V.
297 3003 408 3039 supra
431 3004 467 3040 p.
487 2995 543 3030 18.
