2028 3386
356 220 438 262 178
653 230 687 260 s.
711 229 945 261 BONIFA'rn
975 230 1032 259 Εἰ·
1061 230 1197 260 LULLI
1226 228 1473 260 EPISTOLAE
1499 229 1549 258 eo.
1571 229 1610 258 61

141 328 327 365 744—747
353 324 488 367 dictus
526 337 602 367 rex
634 322 939 379 aliquantulum
970 322 1219 378 quibusdam
1250 322 1508 379 temporibus
1541 322 1686 366 audire
1717 322 1911 378 dignetur

148 2514 331 2549 744—747

352 405 446 444 tuafl
477 400 647 443 monita.
710 399 767 443 Et
795 402 942 443 notum
974 399 1030 442 sit
1059 400 1226 443 caritati
1255 403 1374 443 tuae:
1418 399 1516 455 quia
1545 399 1649 443 haec
1679 399 1809 444 verba
1838 398 1911 443 ad-

352 477 594 520 monitionis
625 480 794 520 nostrae
826 476 879 519 ad
908 476 1029 519 illum
1056 490 1197 531 regem
1227 479 1400 533 propter
1419 475 1526 518 nihil
1547 475 1661 520 aliud
1681 477 1911 520 direximus

351 555 435 597 nisi
464 557 638 611 propter
665 567 815 610 puram
845 553 1032 597 caritatis
1063 554 1311 607 amicitiam3
1346 556 1388 596 et
1417 553 1540 608 quod,
1573 553 1624 596 de
1654 554 1800 598 eadem
1823 553 1912 598 An-

353 631 518 686 glorum
538 634 661 685 gente
682 631 772 674 nati
794 634 836 673 et
855 631 1016 686 nutriti,
1048 631 1115 673 hic
1136 645 1211 687 per
1232 634 1503 687 praeceptum
1528 631 1781 687 apostolicae
1801 630 1912 674 sedis

352 708 681 764 peregrinamur.
730 707 858 750 Bonis
890 710 932 750 et
961 707 1153 751 laudibus
1176 708 1311 762 gentis
1333 711 1501 751 nostrae
1522 707 1730 752 laetamur
1749 710 1792 752 et
1811 720 1913 763 gau-

352 785 510 839 demus,
541 785 724 841 peccatis
756 787 896 828 autem
927 785 1016 827 eius
1048 788 1089 828 et
1119 785 1496 841 vituperationibus
1527 785 1643 828 eiusb
1662 783 1913 828 tribulamur

353 865 395 905 et
432 862 742 904 contristamur.
805 861 1086 917 Obprobrium
1127 875 1308 918 namque
1345 863 1509 917 generis
1546 863 1682 906 nostri
1726 861 1913 919 patimur

353 939 440 981 sive
482 952 506 981 a
544 938 781 981 christianis
822 938 910 981 sive
948 945 994 980 a⁰
1033 939 1208 994 paganis
1248 939 1502 983 dicentibus:
1546 940 1657 995 quod
1691 952 1800 994 gensv
1824 938 1914 981 An-

353 1015 536 1070 glorum‚
576 1019 715 1071 spreto
754 1028 870 1057 more
902 1018 1135 1057 ceterarum
1166 1016 1351 1069 gentium
1386 1019 1427 1059 et
1460 1017 1654 1073 despecto
1686 1015 1914 1073 apostolico

353 1089 601 1148 praecepto²
631 1089 760 1134 immo
792 1092 873 1134 Dei
905 1093 1221 1147 constitutione,
1261 1092 1469 1147 legitimas
1502 1107 1655 1137 uxores
1687 1087 1914 1147 dedignen-

351 1172 421 1212 tur
450 1169 604 1212 habere
637 1172 678 1212 et
698 1191 754 1198 —
777 1169 1054 1212 hinnientium
1089 1169 1314 1224 equorum‘¹
1347 1171 1645 1214 consuetudine
1674 1170 1742 1214 vel
1761 1170 1914 1213 ruden-

352 1248 443 1288 tum
483 1246 696 1289 asinorum
736 1259 853 1289 more
885 1271 940 1275 —
972 1246 1222 1289 luxoriando
1255 1250 1297 1289 et
1329 1247 1624 1290 adulterando⁰
1656 1247 1796 1290 omnia
1825 1250 1914 1290 tur-

353 1323 464 1379 piter
493 1322 628 1366 fedet‘
659 1326 701 1366 et
732 1323 969 1366 confundat.
1018 1323 1163 1378 Igitur,
1197 1323 1232 1366 si
1257 1323 1335 1366 hoc
1361 1323 1495 1367 scelus
1517 1325 1750 1368 maximum
1769 1337 1914 1367 verum

354 1400 422 1454 sit,
454 1399 585 1443 frater
615 1400 844 1454 carissime,
875 1413 1069 1454 rogemus
1101 1413 1243 1443 omnes
1274 1401 1574 1445 communiterg
1602 1415 1731 1458 supra
1758 1401 1915 1445 dictum

352 1490 514 1530 regem:
547 1480 595 1519 ut
626 1480 757 1520 semet
786 1477 926 1533 ipsum
958 1490 1052 1520 cum
1084 1477 1237 1533 populo
1269 1478 1471 1532 corrigat3
1503 1492 1557 1521 ne
1587 1481 1677 1521 tota
1697 1491 1798 1533 gens
1819 1490 1914 1522 cum

353 1553 543 1610 principe
574 1553 642 1596 hic
673 1557 714 1597 et
744 1554 788 1596 in
818 1554 959 1597 futuro
991 1557 1149 1611 pereat,
1183 1554 1255 1597 scd
1286 1557 1345 1609 ut,
1377 1555 1508 1598 vitam
1538 1555 1755 1611 propriam
1776 1567 1915 1598 emen-

354 1630 491 1673 dando
524 1633 566 1673 et
596 1631 854 1686 corrigendo,
890 1631 1094 1688 exemplis
1126 1631 1211 1674 suis
1242 1632 1395 1674 iterum
1427 1635 1594 1686 gentem
1624 1632 1840 1689 propriam
1863 1631 1916 1675 ad

354 1707 466 1750 viam
505 1707 651 1750 salutis
690 1708 844 1763 dirigat
883 1711 942 1763 et,
982 1708 1091 1751 unde
1128 1711 1348 1765 peccatum
1387 1712 1483 1752 ante
1523 1710 1755 1764 contraxit,
1792 1708 1915 1752 inde¹¹

354 1784 589 1827 mercedem
628 1789 839 1828 mereatur
877 1789 1102 1828 aeternam.
1225 1785 1422 1829 Preterea
1456 1789 1619 1843 partem
1650 1785 1912 1830 timiamatis‘

356 1864 397 1903 et
427 1861 630 1904 sabanum
660 1875 737 1918 pro
775 1862 1064 1906 benedictione
1104 1866 1146 1905 et
1182 1863 1300 1916 signo
1339 1876 1470 1918 purae
1509 1863 1696 1907 caritatis
1735 1863 1814 1907 fibi
1852 1862 1915 1906 di-

355 1938 554 1981 reximus.
679 1938 842 1981 Sanctis
875 1939 1071 1995 operibus
1100 1938 1318 1982 florentem
1340 1943 1382 1982 et
1402 1940 1590 1996 probatis
1611 1939 1798 1983 moribus
1818 1952 1914 1996 pro-

355 2013 563 2058 ficientem
585 2015 816 2058 fraternam
838 2015 1103 2058 dilectionem
1123 2019 1240 2059 tuam
1262 2019 1387 2071 atquc
1410 2017 1515 2060 bene
1538 2017 1749 2061 valentem
1770 2019 1916 2060 sancta

357 2091 541 2134 Trinitas
575 2092 840 2135 aeternaliter
871 2092 1090 2135 custodiat.

361 2214 441 2259 61.
474 2217 721 2272 Bonifatius
742 2217 946 2260 Ecbertho
980 2216 1291 2272 archiepiscopo
1313 2217 1573 2260 Eborac-ensi
1601 2219 1652 2260 de
1676 2217 1914 2260 muneribus

477 2287 677 2343 librisque
698 2290 835 2330 missis
863 2290 1025 2344 oratius
1057 2289 1156 2343 aqit.
1206 2288 1359 2343 Royan
1393 2297 1441 2330 ut
1459 2303 1579 2331 suam
1599 2290 1657 2331 ad
1676 2287 1914 2331 ,(46τῖιείὂαῖ-

477 2359 577 2400 dum
599 2374 736 2415 reyem
762 2360 1024 2402 Marcionum
1048 2358 1267 2415 epistolam
1290 2367 1494 2402 sustentet.
1541 2361 1685 2402 Bedae
1715 2359 1915 2415 opuscula

470 2431 622 2485 poscit.
677 2430 724 2473 S.
763 2428 961 2487 Gregorii
991 2430 1185 2486 epistolas
1216 2428 1376 2472 mittitk.
1465 2429 1510 2482 (S
1534 2432 1573 2485 8,
1605 2429 1659 2473 W
1679 2430 1750 2484 54,
1783 2427 1819 2471 G
1840 2429 1913 2482 52)

477 2511 759 2555 Dilectissimo
782 2525 830 2555 ac
849 2511 1185 2555 reverentissimo
1206 2510 1328 2553 fratri
1348 2511 1556 2555 Ecbertho
1579 2508 1915 2568 archicpiscopo²

456 2602 482 2622 a.
511 2605 567 2623 om.
592 2596 628 2624 C.
730 2594 760 2624 b.
789 2595 852 2624 eius
881 2595 1031 2624 inductum
1060 2600 1103 2623 est
1134 2595 1165 2623 in
1189 2595 1221 2624 C.
1326 2602 1352 2623 c.
1380 2603 1398 2623 a
1426 2606 1482 2623 om.
1505 2596 1551 2624 M.
1655 2593 1684 2623 d.
1711 2593 1915 2623 hinnientibus

360 2654 522 2683 aequorum
544 2647 619 2681 MV,
643 2658 717 2676 corr.
739 2649 768 2676 in
790 2647 991 2676 hinnientium
1013 2655 1155 2685 equorum
1174 2648 1207 2677 C.
1292 2656 1317 2675 e.
1346 2646 1554 2676 adulteriando
1570 2649 1616 2676 M.
1699 2646 1720 2676 f.
1741 2646 1824 2676 fedat
1837 2646 1914 2680 MV,

361 2709 434 2727 corr.
458 2700 487 2727 in
507 2698 591 2727 sedet
614 2700 648 2729 C.
753 2708 781 2736 g.
809 2700 1004 2730 commoniter
1027 2700 1102 2734 MV,
1126 2710 1199 2728 corr.
1222 2701 1251 2728 in
1274 2699 1470 2729 communiter
1493 2696 1534 2730 C(
1630 2699 1661 2728 h.
1685 2699 1717 2728 in
1739 2699 1816 2734 MV,
1839 2710 1911 2728 corr.

360 2751 389 2779 in
411 2750 481 2779 inde
506 2753 539 2781 C.
663 2752 684 2780 i.
711 2752 893 2781 timeamatis
920 2754 955 2782 V.
1079 2751 1109 2780 k.
1138 2762 1176 2780 ex
1199 2753 1234 2780 M
1255 2752 1427 2788 810—83,
1459 2754 1484 2782 C
1504 2752 1704 2787 6312—640,
1738 2752 1770 2782 V
1787 2751 1914 2781 5v—6.

360 2804 534 2832 Lemmata.-
557 2803 631 2832 Item
653 2804 783 2842 epistola
803 2804 950 2834 Bonifacii
972 2803 1191 2842 archiepiscopi
1214 2805 1285 2834 MV
1285 2816 1295 2840 ‚·
1319 2804 1448 2842 epistola
1468 2804 1616 2833 Bonifacii
1637 2803 1856 2841 archiepiscopi
1880 2805 1914 2834 C.

455 2854 488 2887 1.
514 2854 559 2889 V.
579 2855 598 2888 1
617 2854 776 2890 Corinth.
795 2856 827 2899 7,
846 2857 879 2890 2.
1000 2857 1033 2891 2.
1058 2855 1297 2901 Eboracensi3
1324 2855 1386 2899 qui
1402 2854 1584 2899 Egbertus
1609 2864 1704 2889 anno
1724 2855 1793 2889 732
1812 2881 1828 2899 „
1840 2853 1913 2899 epi-

361 2921 492 2955 scopus
516 2910 635 2947 factus
646 2912 675 2958 “‚
701 2924 733 2948 a.
753 2914 821 2948 735
849 2914 914 2959 „in
931 2913 1279 2959 archiepiscopatum
1298 2911 1529 2948 confirmatus
1540 2912 1570 2958 “,
1595 2912 1684 2948 obiit
1706 2923 1739 2948 a.
1758 2913 1838 2948 766.
1866 2912 1912 2949 V.

360 2970 483 3005 Bedae
508 2969 739 3016 chronologia
763 2972 982 3017 continuata,
1008 2972 1132 3007 Bedae
1157 2972 1246 3018 Opp.
1273 2971 1330 3008 ed.
1357 2971 1456 3008 Giles
1476 2971 1530 3007 ΠΙ
1545 2972 1626 3007 323.
1644 2971 1726 3007 325.
