2028 3380
502 217 564 248 nx
596 217 803 248 ornnom
834 218 940 248 vrrA
973 217 1008 249 s.
1031 217 1266 249 norm-arn
1577 204 1665 248 497

96 311 276 368 multos,
313 324 419 368 quos
449 314 574 359 antea
603 311 823 355 constituit
852 312 1092 370 episcopos,
1131 312 1177 356 in
1208 311 1359 369 quibus
1391 314 1512 356 erant
1541 325 1666 356 vene-

96 387 251 445 rabiles
281 389 364 433 viri
386 387 654 434 Williboldus
686 392 729 433 et
757 389 1044 446 Burghardus,
1076 403 1253 446 quorum
1284 390 1471 448 priorem
1501 390 1545 433 in
1575 389 1666 434 loco

96 465 239 522 Eistat
266 470 509 524 nuncupato
541 466 800 524 episcopum,
833 467 963 511 alium
983 481 1082 511 vero
1111 467 1156 510 in
1177 467 1280 511 urbe
1303 481 1408 524 quae
1429 467 1669 523 Wirciburg

96 543 251 590 dicitur
284 545 529 603 episcopm
569 545 806 601 constituit,
847 550 948 589 tunc
986 545 1142 602 quippe
1174 543 1425 600 Gregorium
1456 545 1508 589 ad
1541 545 1669 589 Treth

96 621 327 680 episcopali
357 622 503 666 ordine
529 626 821 666 consecratum
841 623 1009 678 direxit,
1040 622 1211 666 Lullum
1234 623 1362 666 etiam
1384 623 1427 666 in
1449 623 1670 679 Mogoncia

95 699 187 757 ipse
218 699 355 744 adhuc
383 700 530 744 vivens
562 700 644 744 sibi
675 701 920 757 subrogavit
950 700 1208 758 episcopum.

215 776 350 822 Multa
384 778 555 835 quidem
586 782 628 823 et
659 779 743 823 alia
773 783 874 823 tunc
906 779 957 823 ab
990 792 1037 822 eo
1069 781 1189 833 gesta
1220 781 1320 821 sunt
1347 778 1393 821 in
1426 777 1667 834 Germania,

97 869 204 912 quae
240 856 286 899 in
327 856 518 913 epistolis
559 857 851 901 tantummodo
889 857 1163 900 inveniuntur
1194 857 1366 913 scripta.
1414 855 1535 899 Unde
1564 856 1670 900 libet

94 933 280 978 inserere
311 934 512 992 epistolas
543 935 726 991 easdem,
757 935 824 979 vel
856 949 881 978 a
911 938 1056 978 sancto
1087 933 1304 978 Bonifacio
1338 933 1391 976 ad
1421 933 1669 977 Zachariam

94 1025 264 1069 papam,
297 1012 370 1068 qui
400 1027 477 1070 per
507 1013 620 1056 idem
641 1016 808 1070 tempus
831 1013 974 1056 sedem
997 1012 1274 1070 apostolicam
1295 1011 1571 1067 gubernabat,
1604 1011 1669 1054 vel

95 1088 148 1132 ab
179 1089 325 1134 eodem
344 1089 550 1134 Zacharia
579 1091 633 1134 ad
662 1090 782 1133 illum
815 1105 889 1134 seu
915 1104 990 1147 pro
1014 1090 1087 1134 illo
1110 1090 1163 1134 ad
1186 1090 1395 1147 quoslibet
1416 1088 1669 1133 Germaniae

93 1167 308 1225 principes
327 1169 613 1224 transmissas,
637 1182 741 1225 quas
763 1169 1038 1226 undecunque
1059 1168 1257 1224 colligere
1278 1181 1515 1225 possumus.
1559 1167 1669 1210 Nam

93 1245 212 1301 illas,
260 1259 364 1302 quas
403 1246 456 1290 ad
495 1247 632 1302 gentis
673 1261 774 1291 suae
811 1247 990 1305 populos
1029 1247 1073 1290 id
1113 1250 1177 1290 est
1214 1246 1377 1301 Anglos
1417 1245 1668 1300 transmisit,

94 1324 431 1381 praetermittere
470 1324 686 1379 volumus3
725 1339 779 1369 ne
817 1325 1054 1381 legentibus
1086 1325 1257 1380 aliquod
1287 1325 1448 1368 tedium
1479 1324 1669 1367 conferre

94 1401 312 1445 videamur
358 1415 454 1446 cum
500 1403 671 1458 alienis,
718 1404 903 1447 maxime
951 1417 1045 1447 cum
1092 1403 1212 1447 nobis
1261 1402 1474 1446 sufficiant
1511 1406 1668 1445 nostra.

93 1478 250 1523 Nostra
279 1483 421 1524 autem
453 1480 560 1536 dice,
593 1495 700 1537 quae
728 1495 805 1538 pro
827 1482 1018 1538 patribus
1045 1482 1216 1536 nostris,
1249 1480 1473 1524 Germanis
1496 1480 1669 1535 scilicet,

95 1557 307 1602 salvandis
339 1559 511 1616 scripsit
540 1558 607 1602 vel
639 1559 691 1603 ab
716 1559 802 1602 ullo
825 1560 983 1617 scripta
1003 1560 1176 1617 recepit.
1225 1559 1271 1602 In
1296 1559 1447 1615 quibus
1468 1559 1670 1601 nimirum

95 1636 285 1693 epistolis
314 1636 499 1680 maxime
530 1640 670 1694 potest
701 1638 891 1693 agnosci:
925 1642 1125 1694 quantam
1157 1651 1300 1681 curam
1324 1641 1366 1681 et
1387 1636 1669 1693 disciplinam,

95 1717 298 1770 quantam
327 1715 629 1772 paternitatem
661 1719 703 1759 et
733 1716 935 1773 pietatem
968 1716 1164 1760 habuerit
1195 1716 1308 1759 circa
1332 1729 1477 1758 omnes
1499 1718 1670 1758 sanctae

94 1791 320 1836 aecclesiae
364 1791 495 1848 filios,
544 1807 647 1849 quos
687 1794 779 1850 ipse
819 1808 893 1851 per
933 1794 1200 1850 euangelium
1240 1791 1427 1849 genuit¹3
1476 1793 1670 1849 quodque

94 1870 214 1914 iuxta
244 1870 483 1928 apostolum
515 1871 709 1914 omnibus
742 1873 883 1915 omnia
913 1872 1048 1915 factus
1081 1872 1158 1927 sit,
1195 1875 1244 1915 ut
1275 1885 1419 1915 omnes
1450 1871 1669 1914 lucriface-

93 1946 194 1992 ret'.
239 1947 360 1992 Unde
391 1948 647 1992 confidenter
677 1949 784 2005 dico,
819 1951 930 2006 quia,
964 1950 1200 2006 quicunque
1221 1949 1404 1993 filiorum
1426 1950 1530 2004 eius,
1563 1948 1667 1993 Ger-

93 2039 316 2070 manorum
345 2026 555 2083 videlicet,
589 2029 733 2083 agnito
765 2029 873 2071 tanti
904 2029 1038 2085 patris
1071 2027 1214 2072 labore
1244 2028 1311 2072 vel
1334 2042 1386 2071 ex
1408 2028 1577 2085 scriptis
1600 2027 1666 2071 vel

93 2104 335 2160 vulgaribus
367 2105 513 2161 dictis,
553 2119 636 2148 non
668 2120 764 2149 eum
797 2110 1118 2162 quantacunque
1147 2106 1366 2163 praevalet
1396 2106 1665 2150 veneratione

93 2182 375 2240 amplectitur,
406 2183 451 2226 in
481 2183 652 2239 honore,
687 2197 809 2239 quem
841 2185 1087 2241 parentibus
1120 2184 1319 2228 exhibere
1350 2185 1556 2239 iubemur,
1590 2197 1664 2227 ne-

92 2260 254 2316 gligens
285 2260 510 2305 invenitur.
559 2261 717 2313 Quodsi
748 2262 1004 2318 negligentia
1035 2266 1254 2320 peccatum
1288 2266 1352 2306 est
1383 2267 1425 2306 et
1444 2265 1665 2319 peccatum

93 2351 217 2382 omne
255 2339 449 2396 punitur,
495 2339 753 2395 negligentia
792 2354 890 2395 ergo
930 2340 1055 2384 simul
1093 2341 1307 2397 punienda
1346 2341 1544 2384 creditur.
1597 2340 1665 2383 Ad

93 2416 196 2460 haec
226 2416 376 2473 etiam,
408 2417 444 2460 si
474 2418 594 2461 iuxta
627 2418 862 2475 apostolum
894 2423 1037 2476 patres
1069 2420 1207 2462 carnis
1240 2422 1409 2462 nostrae
1441 2419 1665 2461 habuimus

93 2494 327 2538 eruditores
359 2499 401 2539 et
430 2493 763 2551 reverebamur³,
795 2510 933 2540 nonne
962 2497 1093 2540 multo
1122 2498 1257 2552 magis
1280 2497 1664 2553 obtemperabimus

92 2572 206 2629 patri
237 2572 491 2630 spirituum?
521 2573 647 2618 Pater
671 2588 853 2630 namque
875 2575 1106 2632 spiritualis
1128 2589 1212 2618 non
1235 2575 1369 2618 solum
1392 2575 1507 2618 Deus
1530 2575 1664 2618 omni-

93 2653 242 2707 potens
275 2651 448 2707 dicitur,
488 2652 561 2695 sed
593 2652 721 2695 etiam
753 2665 919 2708 omneS,
952 2666 1130 2709 quorum
1162 2652 1354 2696 doctrina
1386 2657 1428 2696 et
1459 2652 1664 2709 exemplis

93 2728 146 2772 ad
178 2729 433 2784 agnitionem
464 2730 656 2773 veritatis
687 2730 949 2786 instruimur,
982 2731 1036 2774 ad
1066 2730 1339 2774 stabilitatem
1362 2730 1577 2786 religionis
1599 2731 1663 2773 in-

92 2806 283 2850 citamur.
333 2807 450 2851 Sicut
480 2810 523 2851 et
542 2807 759 2851 Abraham
791 2808 843 2851 ob
870 2807 967 2851 fidei
990 2808 1307 2863 obedientieque
1330 2822 1430 2851 suae
1450 2810 1661 2864 meritum,

92 2885 251 2928 cunctis
281 2885 548 2942 imitandum,
581 2889 702 2943 pater
733 2886 920 2929 omnium
953 2886 1088 2930 dictus
1121 2889 1185 2929 est
1215 2887 1259 2929 in
1291 2885 1457 2929 Christo
1489 2887 1662 2930 creden-

190 2974 221 3009 1.
256 2973 311 3010 Cf.
339 2974 358 3010 1
377 2974 537 3010 Corinth.
556 2974 590 3020 4,
611 2975 665 3010 15.
771 2976 804 3011 2.
841 2973 895 3010 Cf.
925 2975 943 3010 1
962 2974 1121 3011 Corinth.
1142 2975 1174 3020 9,
1193 2975 1250 3010 22.
1353 2975 1387 3010 3.
1421 2974 1532 3011 chr.
1553 2976 1608 3021 12,
1626 2975 1659 3011 9.

151 3037 255 3071 Jmss.
278 3040 468 3069 Bibliotheca
489 3041 538 3069 111.
1327 3041 1374 3076 32
