2028 3380
373 267 461 310 486
775 278 837 307 Ex
869 277 1073 307 OTHLONI
1101 278 1206 308 vrrA
1238 279 1271 309 s.
1294 278 1523 308 BONIFA'rn

372 386 494 429 peres
538 375 579 415 et
608 371 819 427 peregrini
850 370 1026 414 alantur.
1076 370 1158 414 Sed
1187 375 1274 415 tam
1305 375 1494 415 sanctum
1523 375 1611 415 tam
1641 369 1921 414 necessarium

372 451 642 506 praeceptum
680 448 725 490 in
764 448 956 505 plurimis
995 448 1098 491 locis
1133 461 1217 491 non
1247 449 1381 492 solum
1411 449 1582 492 minime
1619 451 1808 502 curatur,
1848 445 1922 490 sed

372 526 499 569 etiam
529 538 636 582 pene
666 525 895 581 ignoratur.
941 525 1048 568 Nam
1081 525 1338 569 solummodo
1367 526 1472 568 illud
1499 525 1670 580 legitur:
1704 523 1814 580 quod
1834 523 1922 580 epi-

374 602 511 659 scopis
543 602 730 646 decimae
762 602 846 645 sint
876 602 1132 646 tribuendae.
1181 602 1288 654 Quid
1316 616 1413 646 vero
1446 602 1596 645 exinde
1627 601 1832 656 agendum
1852 600 1920 656 sit,

373 679 440 722 vel
471 680 507 722 si
539 679 760 735 quicquam
791 679 905 723 aliud
935 680 1163 722 curandum
1195 680 1250 722 sit
1278 680 1389 724 circa
1416 678 1672 722 monasteria
1698 701 1753 708 --
1779 680 1867 721 tam
1898 691 1923 720 a

371 757 555 811 clericis,
587 756 826 799 miserabile
858 757 991 812 dictu,
1025 770 1146 812 quam
1181 769 1205 799 a
1234 756 1351 800 laicis
1382 757 1593 799 destructa
1622 754 1829 810 citraque·
1858 753 1923 797 iu-

372 836 481 878 dicia
511 834 762 878 christianae
792 833 1006 888 religionis
1038 834 1238 876 subversa
1258 858 1313 863 —
1336 833 1535 876 oblivioni
1565 846 1639 875 seu
1661 830 1923 886 ignorantiae

372 911 701 956 commendatur.
752 910 872 954 Unde
902 924 1059 965 vereor,
1091 924 1144 953 ne
1177 911 1227 953 de
1258 910 1490 967 praesentis
1520 909 1722 966 temporis
1751 907 1923 951 rectori·-

372 991 463 1044 bus,
497 988 680 1032 avaricia
709 987 952 1044 inexplebili
983 988 1202 1044 corruptis,
1233 988 1452 1044 psalmista
1480 986 1777 1044 prophetizans
1807 983 1923 1028 dixe-

373 1068 447 1110 rit:
489 1066 688 1123 Corrupti
722 1074 818 1108 sunt
858 1075 895 1108 et
930 1066 1254 1108 abhominabiles
1273 1066 1392 1122 facti
1419 1073 1515 1108 sunt
1542 1066 1589 1107 in
1619 1065 1769 1107 studiis
1799 1058 1921 1106 δαίθ’.

373 1143 479 1187 Cum
519 1143 630 1186 enim
669 1142 774 1184 nihil
805 1141 1025 1184 dicendum
1057 1142 1112 1184 sit
1142 1145 1402 1198 corruptum,
1440 1141 1522 1184 nisi
1560 1139 1668 1196 quod
1698 1140 1815 1196 prius
1844 1139 1925 1187 fnit

372 1222 597 1275 integrum,
629 1223 811 1263 rectores
843 1219 910 1261 vel
942 1222 1127 1274 pastores
1160 1220 1311 1274 quique
1342 1219 1385 1261 in
1419 1219 1495 1260 1100
1526 1217 1691 1273 quidem
1723 1217 1805 1260 dici
1827 1229 1924 1273 pos-

373 1301 470 1341 sunt
502 1297 633 1339 fuisse
662 1297 830 1350 integri,
864 1296 961 1350 quia
992 1310 1016 1339 a
1036 1296 1125 1339 Deo
1157 1296 1362 1352 sapientia
1393 1294 1631 1338 omnimoda
1651 1294 1704 1337 ad
1723 1294 1924 1337 iudicium

372 1387 517 1418 verum
549 1373 787 1416 faciendum
818 1376 938 1416 erant
966 1373 1180 1426 instrueti3
1211 1373 1304 1415 ideo
1334 1375 1472 1415 autem
1493 1371 1691 1428 corrupti,
1724 1371 1822 1427 quia
1840 1384 1925 1414 non

375 1451 603 1495 secundum
635 1450 773 1492 datam
808 1449 911 1492 sibib
933 1450 1182 1506 sapientiam
1205 1450 1277 1493 sed
1298 1450 1417 1492 iuxta
1435 1449 1540 1491 lucri
1561 1448 1774 1491 obtinendi
1795 1461 1924 1504 quan-

372 1530 537 1572 titatem
570 1527 769 1570 iudicant.
817 1527 955 1582 Atque
986 1527 1145 1570 utinam
1177 1527 1260 1583 ipsi
1290 1529 1477 1583 pastores
1502 1525 1788 1568 tantummodo
1809 1525 1924 1569 dedi-

373 1608 625 1662 gnarentur,
667 1604 921 1661 pauperibus
953 1604 1133 1646 decimas
1166 1604 1372 1658 dividere,
1405 1606 1446 1646 et
1474 1616 1559 1646 non
1591 1602 1693 1645 alios
1725 1602 1924 1658 quosdam

374 1708 428 1713 —
452 1682 678 1726 monachos
711 1681 817 1735 dico,
850 1681 960 1737 apud
993 1695 1094 1736 quos
1117 1681 1256 1736 aliqua
1277 1681 1410 1723 adhuc
1430 1679 1667 1723 huiusmodi
1687 1692 1787 1722 cura
1805 1693 1924 1723 exer-

372 1764 490 1804 cetur
529 1784 584 1789 —-
623 1758 913 1814 prohiberent3
962 1758 1098 1801 moliti
1148 1758 1341 1813 antiquae
1379 1757 1615 1800 traditionis
1653 1756 1834 1800 decimas
1872 1756 1923 1800 ab

374 1851 517 1881 eorum
556 1836 647 1878 iure
687 1835 861 1878 auferre.
991 1835 1074 1878 Cur
1114 1835 1243 1890 igitur
1281 1837 1447 1877 sanctus
1487 1833 1724 1877 Bonifacius
1763 1857 1818 1863 -
1857 1833 1925 1877 cui

373 1915 488 1958 Deus
519 1916 682 1956 tantam
712 1913 756 1954 in
788 1913 900 1955 omni
932 1911 1157 1956 Germania
1186 1910 1436 1968 potestatem
1467 1911 1655 1967 contulit,
1686 1914 1747 1966 ut,
1778 1911 1924 1966 quovis

372 1992 520 2046 vellet,
554 1989 773 2033 aecclesias
805 1990 1058 2045 cenobiaque
1087 1990 1301 2044 fundaret,
1334 1989 1452 2032 sedes
1482 1987 1738 2045 episcopales
1769 1991 1925 2031 statue-

374 2073 439 2112 ret
476 2067 799 2124 parrochiasque
839 2080 983 2109 earum
1018 2066 1222 2109 divideret
1254 2090 1307 2095 ——
1339 2079 1423 2108 non
1454 2065 1622 2108 cuilibet
1650 2065 1760 2120 locO,
1801 2079 1924 2121 quem

376 2146 456 2190 sibi
495 2144 731 2201 specialiter
769 2144 914 2198 elegit,
957 2144 1240 2200 possessiones
1279 2147 1320 2186 et
1361 2143 1541 2186 decimas
1580 2141 1739 2197 aliquas
1770 2142 1925 2186 donare

375 2222 539 2280 potuit?
569 2221 717 2264 Nonne
748 2235 822 2277 per
853 2221 1026 2264 eandem
1058 2221 1360 2274 auctoritatem,
1393 2233 1474 2275 qua
1500 2219 1689 2262 moderni
1708 2217 1924 2276 pontifices

376 2299 579 2343 militibus
626 2298 801 2354 aliisque
846 2297 1099 2340 secularibus
1146 2297 1381 2340 hominibus
1420 2296 1600 2339 decimas
1638 2295 1737 2339 dare
1776 2295 1923 2351 solent,

377 2380 545 2421 sanctus
576 2375 814 2418 Bonifacius
845 2375 1058 2418 monachis
1089 2375 1155 2418 vel
1184 2374 1436 2431 pauperibus
1468 2386 1637 2428 erogare
1664 2373 1830 2416 easdem
1849 2386 1924 2430 po-

376 2455 484 2499 tuit?
519 2453 564 2496 Si
594 2453 755 2508 reliqua
786 2453 874 2495 eius
907 2455 1062 2495 statuta
1092 2452 1285 2494 videntur
1317 2454 1472 2504 sancta,
1505 2450 1540 2493 si
1572 2451 1711 2493 omnia
1731 2463 1837 2506 quae
1857 2463 1924 2494 ca-

376 2532 537 2576 nonicis
569 2531 781 2573 distribuit
811 2533 907 2572 sunt
935 2529 1157 2583 laudanda,
1189 2542 1261 2571 cur
1282 2541 1406 2583 queso
1428 2527 1505 2570 hoc
1526 2527 1673 2583 solum,
1706 2527 1816 2583 quod
1835 2541 1924 2570 mo-

377 2609 523 2653 nachis
545 2611 586 2651 et
605 2607 861 2664 pauperibus
883 2606 1008 2660 dedit,
1040 2606 1275 2648 decernitur
1294 2604 1521 2647 iniustum?
1552 2604 1657 2659 Heu,
1688 2605 1781 2660 heu,
1814 2605 1924 2660 quod

378 2688 431 2742 is,
463 2686 529 2729 cui
551 2685 734 2741 plurima
754 2683 951 2726 divitibus
973 2683 1072 2725 dare
1091 2683 1221 2737 licuit,
1252 2682 1463 2725 licentiam
1485 2681 1635 2724 dicitur
1654 2695 1738 2725 non
1757 2681 1922 2736 habere,

379 2762 633 2822 pauperibus
671 2761 737 2803 vel
775 2773 909 2816 pauca
948 2773 1130 2814 erogare.
1189 2758 1322 2814 Super
1360 2758 1437 2800 hoc
1474 2758 1751 2815 obstupescite
1780 2756 1922 2813 caeli',

382 2842 492 2885 orbis
524 2852 686 2895 quoque
715 2842 923 2881 terrarum
955 2840 996 2880 et
1025 2836 1210 2879 universi
1240 2835 1310 2890 qui
1340 2835 1529 2878 habitant
1557 2836 1602 2878 in
1633 2832 1705 2879 eo³
1736 2835 1921 2889 doleant3

477 2944 503 2964 a.
531 2934 668 2972 circaque
691 2945 716 2962 c.
819 2932 847 2961 b.
878 2931 937 2961 sibi
957 2943 1014 2961 om.
1036 2944 1062 2960 c.

478 3004 509 3038 1.
542 3004 599 3038 Ps.
620 3003 675 3047 13,
695 3003 726 3037 1.
846 3002 879 3036 2.
913 3000 1163 3045 ierem.2,12.
1283 2999 1316 3034 3.
1348 2999 1481 3043 Ps.23,
1502 2999 1532 3034 1.
