2028 3386
373 199 457 242 104
670 210 705 240 s.
731 210 962 240 BomrA'rn
991 210 1049 240 ΕΤ
1079 209 1214 240 LULLI
1244 209 1490 240 EPISTOLAE
1522 208 1570 238 37.
1593 209 1632 238 38

145 318 176 343 0.
192 308 356 344 737-739
370 308 443 348 aut
472 304 761 359 undecumque
791 303 895 358 sint,
936 306 1186 346 rennuentes
1226 316 1274 346 ac
1303 302 1571 360 prohibentes
1604 302 1805 346 abiciatis.
1866 301 1924 346 Et

258 2079 326 2113 739

231 2127 295 2157 Oct.
310 2127 348 2157 29

369 385 417 425 ut
447 380 663 438 populum,
694 380 813 423 vobis
846 393 871 423 a
890 379 979 423 Deo
1011 380 1292 435 commissum,
1322 380 1404 437 piis
1438 379 1804 423 ammonitionibus
1826 379 1922 423 edo-

370 458 498 502 ceatis
538 461 579 500 et
619 471 644 499 a
682 456 896 500 sacrificiis
937 460 1198 500 mortuorum
1237 457 1405 500 omnino
1444 456 1650 500 devitetis.
1711 456 1770 499 Et
1804 456 1924 499 iuxta

371 534 482 591 quod
510 534 675 577 fueritis
708 547 733 577 a
762 534 949 591 predicto
981 538 1123 578 nostro
1155 533 1447 577 consacerdote
1479 533 1627 588 edocti,
1658 533 1719 576 ita
1750 532 1923 576 catholi-

370 624 461 654 cam
494 613 535 654 et
567 610 839 667 apostolicam
872 611 1105 654 doctrinam
1143 614 1354 665 tenentes,
1396 611 1563 652 domino
1595 610 1683 653 Deo
1716 613 1758 653 et
1788 609 1923 652 salva-

369 688 452 731 tori
489 690 632 730 nostro
669 687 835 744 placere
874 688 1091 731 festinetis.
1155 687 1211 730 Et
1246 688 1291 729 in
1329 700 1410 742 quo
1449 686 1567 729 vobis
1605 686 1696 730 loco
1735 686 1787 729 ad
1818 686 1923 730 cele-

370 764 531 808 branda
570 764 746 808 concilia
785 765 1005 808 convenire
1052 764 1335 819 mandaverit,
1378 764 1465 807 sive
1502 763 1622 806 iuxta
1660 763 1923 806 Danuvium⁰

370 842 458 885 sive
487 842 533 885 in
565 842 733 885 civitate
764 842 957 897 Augusta
991 842 1052 885 vel
1082 842 1331 897 ubicumque
1359 840 1619 895 indicaverit,
1651 854 1726 896 pro
1756 840 1924 883 nomine

371 918 549 962 Christib
580 919 718 976 parati
750 932 840 962 esse
871 919 1162 972 inveniamini3
1197 922 1400 975 quatenus
1422 930 1718 973 cognoscamus
1739 930 1815 974 per
1836 917 1924 961 eius

369 996 615 1039 mandatum
663 996 714 1039 de
761 999 899 1039 vestro
946 999 1173 1050 conventu3
1221 999 1268 1038 ut
1297 996 1341 1038 111
1379 996 1490 1038 diem
1529 995 1730 1038 adventus
1769 993 1926 1038 Christi

370 1073 464 1117 Iesu
495 1087 589 1116 cum
620 1073 758 1117 fructu
787 1073 887 1116 boni
918 1073 1055 1129 operis
1089 1076 1184 1116 ante
1215 1073 1303 1116 eius
1331 1072 1516 1115 tribunal
1545 1072 1745 1115 adsistere
1766 1085 1925 1115 merea-

370 1151 487 1206 mini,
521 1150 726 1194 dicentes:
758 1152 867 1194 Ecce
896 1166 971 1194 nos
1003 1161 1041 1194 et
1065 1153 1205 1208 pueri,
1240 1166 1342 1207 quos
1368 1151 1522 1193 dedisti
1539 1151 1672 1202 nobis,
1705 1150 1888 1192 Domine
1900 1146 1924 1200 ¹,-

369 1244 455 1271 non
482 1230 746 1285 perdidimus
778 1244 827 1272 ea·
859 1231 916 1272 eis
950 1225 1234 1285 quemquam²‚
1266 1230 1313 1270 ut
1344 1230 1386 1269 et
1416 1239 1489 1269 vos
1512 1226 1762 1269 dominicam
1782 1238 1925 1270 vocem

371 1305 516 1348 audire
546 1305 793 1348 mereamini
825 1305 1055 1349 dicentem:
1096 1306 1258 1358 Venite,
1292 1306 1496 1347 benedicti
1519 1306 1658 1361 patrie
1688 1306 1788 1357 mei,
1825 1319 1924 1361 per—

371 1385 496 1439 cipite
525 1398 711 1439 reanum,
747 1385 860 1439 quod
889 1384 1005 1425 vobis
1024 1392 1227 1439 paratum
1249 1391 1308 1425 est
1327 1383 1378 1424 ab
1402 1384 1563 1438 oriqine
1582 1378 1765 1424 mundi³.
1812 1379 1925 1424 Bene

369 1459 505 1503 valete
514 1467 541 1502 ⁰.

373 1600 453 1647 38.
493 1600 724 1659 Greyorius
756 1601 839 1644 III
861 1617 979 1658 papa
1009 1601 1253 1657 Bonifatio,
1288 1603 1363 1657 qui
1392 1601 1450 1643 ad
1480 1609 1638 1643 centurn
1667 1600 1787 1643 milia
1820 1598 1925 1644 Ger-

489 1694 710 1722 manorum
757 1679 1008 1721 christianae
1035 1679 1143 1734 fidei
1172 1678 1475 1731 conciliaverit,
1515 1677 1768 1734 mutuatur.
1815 1678 1927 1720 Eum

490 1757 637 1799 laudat
644 1788 656 1809 ,
698 1757 831 1812 qaod,
876 1764 1054 1812 quatuor
1090 1756 1305 1797 Bavariae
1336 1757 1548 1812 paroeciis
1586 1756 1804 1807 institutis,
1846 1763 1926 1797 tres

490 1836 704 1890 episcopos
737 1835 948 1875 creaverit.
1010 1832 1147 1875 Addit
1177 1834 1227 1874 de
1249 1833 1504 1889 presbyteris
1537 1833 1840 1884 consecrandis,
1877 1833 1927 1874 de

490 1906 750 1967 baptismate,
784 1912 834 1952 de
864 1910 1064 1962 Vivilone,
1099 1911 1149 1951 de
1180 1910 1366 1952 concilio.
1416 1910 1469 1951 In
1499 1924 1582 1951 uno
1615 1909 1702 1951 loco
1733 1911 1930 1951 morandi

492 1988 700 2030 licentiam
732 1989 771 2029 ei
800 1986 1009 2043 deneyatd.
1542 1984 1588 2038 (S
1615 1987 1710 2040 130,
1742 1984 1832 2029 WG
1852 1987 1925 2040 46)

491 2075 843 2119 Reverentissimo
882 2078 924 2118 et
961 2075 1223 2117 sanctissimo
1262 2074 1404 2117 fratri⁰
1435 2073 1643 2117 Bonifatio
1682 2074 1926 2131 coepiscopo

374 2151 600 2208 Gregorius
632 2166 776 2196 servus
808 2165 1022 2195 servorum
1053 2152 1144 2194 Dei.

493 2230 686 2273 Doctoris
720 2229 902 2272 omnium
937 2229 1137 2283 gentium,
1170 2228 1325 2283 egregii
1352 2228 1530 2285 apostoli
1551 2228 1661 2272 beati
1681 2227 1814 2283 Pauli,
1845 2242 1927 2272 vox

376 2311 440 2351 est
470 2307 669 2350 dicentis:
702 2307 985 2363 Diliqentibus
1017 2307 1157 2348 Deum
1188 2308 1329 2348 omnia
1360 2315 1635 2362 cooperantur
1664 2308 1710 2348 in
1741 2303 1923 2349 bonum⁴.

374 2385 660 2440 Agnoscentes
691 2384 832 2439 itaque
842 2383 864 2439 f,
896 2384 941 2426 in
972 2382 1129 2425 sillabis
1160 2382 1435 2425 fraternitatis
1466 2386 1563 2426 tuae
1593 2383 1812 2425 innotuisti
1841 2386 1925 2426 tam

376 2463 426 2505 de
458 2461 708 2505 Germaniae
740 2460 952 2516 gentibus,
986 2473 1087 2515 quas
1119 2473 1195 2501 sua
1226 2459 1381 2514 pietate
1413 2459 1526 2502 Deus
1557 2462 1698 2502 noster
1729 2460 1779 2503 de
1809 2463 1926 2516 pote-

375 2541 506 2582 stateg
536 2551 794 2595 paganorum
835 2537 1029 2580 liberavit
1068 2539 1109 2579 et
1146 2537 1197 2578 ad
1230 2539 1394 2578 centum
1425 2536 1543 2579 milia
1573 2537 1732 2579 animas
1760 2537 1804 2579 in
1833 2538 1926 2579 sinu

375 2619 543 2660 sanctae
574 2615 721 2658 matris
755 2614 978 2658 aecclesiae
1007 2617 1078 2656 tuo
1110 2613 1326 2655 conamine
1356 2616 1397 2655 et
1417 2612 1552 2655 Carli'¹
1573 2613 1774 2669 principis
1796 2613 1828 2657 F
1831 2627 1926 2656 ran-

472 2765 498 2786 a.
527 2768 602 2786 corr.
625 2758 655 2786 in
681 2755 853 2786 Danubium
877 2757 910 2786 C.
1014 2755 1043 2784 b.
1071 2765 1127 2784 om.
1150 2756 1195 2783 M.
1300 2762 1325 2782 c.
1356 2753 1435 2782 Bene
1457 2753 1554 2783 valete
1577 2764 1622 2783 om
1647 2755 1680 2784 C.
1774 2755 1803 2783 d.
1832 2765 1869 2783 ex
1892 2757 1929 2784 M

376 2809 434 2839 141>
447 2809 532 2845 -16,
558 2811 583 2839 C
598 2809 736 2839 5v—6v.
769 2810 838 2839 Sine
860 2810 996 2838 lemmate
1012 2811 1064 2844 M,·
1086 2807 1160 2836 Item
1183 2806 1319 2843 Gregorii
1340 2806 1422 2835 tertii
1438 2807 1471 2836 C.
1555 2815 1580 2835 e.
1604 2817 1658 2835 om.
1676 2809 1720 2836 M.
1802 2806 1823 2836 f.
1846 2807 1926 2845 quod

376 2862 524 2891 excidisse
544 2862 669 2891 videtur.
775 2870 801 2899 g.
830 2862 949 2899 postate
972 2863 1017 2890 M.
1121 2859 1150 2889 h.
1180 2871 1253 2889 corr.
1276 2861 1303 2888 in
1328 2858 1425 2887 Caroli
1449 2860 1481 2889 C.

471 2931 502 2964 1.
520 2930 603 2965 Isai.
619 2931 651 2974 8,
668 2931 723 2966 18.
820 2931 852 2965 2.
871 2929 945 2965 Ioh.
962 2930 1017 2974 18,
1032 2929 1064 2963 9.
1161 2929 1194 2963 3.
1214 2926 1268 2963 Of.
1286 2926 1412 2962 Matth.
1431 2927 1486 2972 25,
1501 2927 1557 2962 34,
1654 2928 1686 2962 4.
1706 2927 1807 2963 Rom.
1821 2928 1853 2973 8,
1868 2928 1924 2963 28.
