2028 3386
483 252 518 283 s.
541 251 778 283 BomFA'rn
806 252 866 282 ΕΤ
895 252 1033 283 LULLI
1062 250 1312 282 EPISTOLAE
1346 251 1360 280 1
1647 238 1704 281 29

133 359 327 391 normam
357 346 479 390 nobis
510 345 733 390 tradiderit
761 345 958 389 imitandi
990 346 1152 389 dicens:
1187 346 1310 390 Sicut
1341 360 1414 403 eqo
1432 345 1529 401 feci
1546 345 1703 397 vobz‘w,
1730 348 1919 384 675-705

133 426 196 468 ita
226 433 265 468 et
292 439 366 468 vos
383 424 522 481 facite
551 420 686 467 aliie&
746 422 829 466 Ast
859 436 972 478 ver0,
1005 423 1041 466 si
1073 422 1250 478 quilibet
1280 422 1332 466 de
1361 422 1533 478 nostris,
1565 422 1610 465 id
1642 426 1706 466 est

133 500 372 557 catholicis,
420 501 474 544 ad
511 513 582 544 eos
622 499 843 544 habitandi
879 500 1017 554 gratia
1054 500 1342 556 perrexerint,
1381 513 1467 543 non
1497 499 1616 556 prius
1651 499 1705 542 ad

133 578 391 623 consortium
421 577 657 622 sodalitatis
689 591 789 621 suae
821 576 1055 620 adsciscere
1087 576 1328 632 dignantur,
1362 590 1489 633 quam
1521 576 1705 632 quadra-

133 655 252 712 ginta
281 655 446 699 dierum
477 655 617 713 spatia
646 655 692 698 in
722 654 949 712 penitendo
980 668 1183 711 peragere
1215 653 1519 711 conpellantur.
1572 653 1630 697 Et
1659 653 1704 696 in

131 733 211 777 hoc
238 732 446 778 hereticos
475 732 701 777 infeliciter
731 733 967 787 imitantur,
1000 732 1072 788 qui
1103 745 1148 776 se
1179 731 1386 786 catharos,
1420 731 1465 774 id
1497 734 1562 774 est
1582 744 1705 774 mun-

132 810 231 866 dos,
269 811 506 868 nuncupari
542 810 778 854 voluerunt.
841 810 958 863 Heu,
999 810 1077 852 heu
1116 822 1194 866 pro
1231 809 1363 852 tantis
1403 808 1614 851 erroribus
1647 832 1703 838 —-

131 888 272 946 potius
303 901 428 945 quam
462 904 580 941 evax,
614 904 718 931 evax
749 912 804 917 —
836 886 1072 930 lacrimosis
1094 886 1266 930 vocibus
1289 889 1331 930 et
1351 885 1586 942 querulosis
1619 885 1705 928 sin-

131 965 316 1022 gultibus
345 965 582 1021 lugubriter
610 964 955 1021 ingeminandum
985 978 1093 1008 reor.
1217 963 1274 1007 Et
1301 966 1438 1007 totum
1459 963 1538 1006 hoc
1559 965 1706 1006 contra

132 1043 340 1099 euangelii
384 1046 585 1100 precepta
629 1042 859 1087 secundum
905 1041 1204 1085 Phariseorum
1259 1042 1406 1084 inanes
1454 1040 1704 1083 traditiones

132 1134 255 1177 agere
270 1124 515 1176 noscuntur,
539 1120 706 1164 Christo
723 1120 927 1164 veraciter
949 1118 1255 1176 adstipulante:
1286 1119 1372 1162 Vae
1387 1119 1518 1172 vobis,
1543 1119 1705 1161 scribae

131 1207 171 1243 et
197 1199 448 1253 Phar-isaei,
483 1201 559 1256 qui
586 1200 822 1252 mundatis,
857 1199 972 1255 quod
988 1198 1109 1254 foris
1143 1206 1202 1240 est
1234 1197 1378 1239 calicis
1411 1205 1449 1239 et
1471 1196 1703 1252 pharabsi-

131 1273 235 1320 dis&
297 1275 408 1319 Nam
438 1275 647 1319 Dominus
690 1289 786 1319 cum
823 1274 1060 1332 publicanis
1099 1277 1141 1318 et
1178 1273 1469 1331 peccatoribus
1512 1272 1706 1316 convivia

130 1353 364 1398 celebrasse
395 1353 638 1397 discribitur
647 1349 676 1408 ³,
715 1356 763 1396 ut
802 1366 925 1397 verus
965 1352 1153 1396 medicus
1190 1351 1427 1409 purulentis
1469 1351 1707 1394 animarum

130 1431 374 1475 vulneribus
411 1430 577 1475 divinae
615 1431 787 1488 pietatis
823 1430 1106 1474 medicamina
1144 1432 1186 1473 et
1223 1428 1416 1473 caelestis
1456 1428 1704 1472 clementiae

131 1509 392 1567 cataplasma
422 1511 691 1566 conponeret.
748 1508 908 1552 Idcirco
939 1510 1208 1565 peccatorum
1240 1506 1453 1550 consortia
1482 1506 1706 1549 Phariseo-

130 1600 227 1630 rum
246 1599 364 1630 more
383 1586 557 1630 minime
580 1586 779 1643 dispexit,
811 1586 883 1630 sed
903 1586 1045 1643 potius
1065 1584 1183 1627 illam
1204 1584 1496 1641 peccatricem,
1519 1583 1706 1640 pollutae

130 1663 244 1708 vitae
273 1662 442 1721 piacula
471 1663 706 1718 lugubriter
737 1663 958 1708 deflentem
987 1666 1030 1706 et
1051 1662 1282 1705 dominicos
1303 1662 1432 1718 pedes
1454 1661 1559 1704 fusis
1581 1660 1705 1704 lacri-

131 1754 299 1785 marum
336 1740 542 1785 imbribus
582 1743 865 1784 umectantem
913 1753 961 1784 ac
999 1740 1148 1783 solutis
1188 1742 1230 1783 et
1265 1739 1375 1782 laxis
1415 1739 1705 1782 cincinnorum

133 1818 319 1863 crinibus
364 1821 621 1874 tergentem,
676 1817 801 1862 solita
846 1818 1070 1862 clementia
1114 1817 1444 1860 misericorditer
1489 1815 1704 1860 refocilatb

133 1896 295 1941 dicens:
330 1897 616 1941 Remittantur
644 1897 714 1939 illi
739 1905 912 1954 peecata
942 1897 1089 1949 multa,
1125 1898 1227 1952 quia
1257 1895 1407 1938 dilexit
1433 1892 1646 1938 multum⁴.

250 1972 367 2026 Quae
402 1981 522 2017 011111θ
562 1974 623 2017 ita
662 1987 707 2017 se
744 1974 946 2029 habeant,
995 1975 1170 2030 propter
1208 1985 1473 2016 communem
1513 1971 1705 2015 caelestis

131 2038 296 2109 patriae
327 2055 484 2095 sortem
516 2055 559 2095 et
590 2051 775 2106 angelice
807 2050 1070 2095 sodalitatis‘¹
1102 2050 1323 2104 collegium
1356 2049 1547 2092 subnixis
1569 2049 1705 2106 preci-

132 2129 210 2172 bus
241 2132 284 2173 et
311 2128 432 2172 flexis
462 2129 695 2186 poplitibus
726 2132 911 2173 vestram
943 2129 1254 2172 fraternitatem
1278 2127 1520 2170 adiurantes
1543 2126 1705 2183 suppli-

133 2206 238 2250 citer
268 2205 566 2262 efflagitamus:
606 2210 653 2250 ut
682 2207 860 2251 ulterius
893 2207 1127 2250 doctrinam
1159 2208 1202 2249 et
1233 2205 1405 2248 decreta
1445 2205 1557 2248 beati
1589 2203 1705 2247 Petri

132 2284 370 2328 contumaci
401 2284 539 2328 cordis
571 2284 795 2342 supercilio
828 2288 870 2328 et
899 2287 1097 2342 protervo
1136 2286 1307 2340 pectore
1343 2296 1428 2325 non
1461 2281 1705 2325 abhomine—

131 2361 238 2404 mini
269 2364 311 2405 et
339 2362 611 2405 traditionem
643 2362 843 2406 ecclesiae
873 2361 1087 2405 Romanae
1124 2364 1300 2418 propter
1336 2360 1478 2417 prisca
1515 2359 1705 2416 priorum

133 2441 294 2483 statuta
323 2442 559 2482 vestrorum
590 2453 878 2496 nequaquam,
918 2439 1142 2496 tyrannica
1171 2438 1270 2482 freti
1300 2437 1549 2494 pertinacia,
1582 2436 1705 2479 adro-

132 2518 282 2571 ganter
313 2517 610 2573 aspernemini.
658 2517 808 2561 Petrus
839 2530 1023 2573 namque
1044 2516 1124 2559 Dei
1154 2515 1289 2558 filium
1320 2515 1444 2558 beata
1474 2526 1575 2558 voce
1606 2527 1705 2557 con-

131 2593 267 2637 fessus
299 2594 445 2638 audire
475 2595 648 2638 meruit:
688 2595 754 2639 Tu
785 2610 825 2639 es
847 2596 1014 2648 Petrus,
1049 2604 1087 2638 et
1116 2609 1244 2650 super
1274 2594 1382 2635 hanc
1401 2602 1566 2649 petram
1587 2594 1704 2635 aedi-

124 2671 265 2726 ficabo
298 2672 541 2715 aecclesiam
569 2688 725 2726 meam,
768 2682 805 2716 et
838 2681 961 2730 porte
999 2673 1162 2728 inferni
1198 2686 1283 2713 non
1316 2670 1596 2727 prevalebunt
1625 2672 1703 2713 ad-

132 2763 276 2792 versus
309 2764 398 2792 eam
407 2766 421 2801 ,·
462 2759 500 2793 et
538 2751 618 2793 tibi
653 2751 762 2794 dabo
801 2751 935 2793 claves
967 2752 1090 2807 reym‘
1118 2749 1329 2791 caelorum
1359 2760 1494 2803 usque
1524 2748 1706 2791 solutum

229 2876 257 2897 a.
285 2876 340 2897 vos
365 2868 400 2898 V.
505 2868 534 2898 b.
564 2868 740 2899 refocilatur
763 2870 797 2900 V.
905 2878 931 2898 0.
961 2877 1028 2898 011111
1051 2878 1106 2898 om.
1126 2867 1161 2897 V.
1267 2866 1297 2895 d.
1325 2865 1495 2896 sobalitatis
1521 2866 1557 2897 V.

230 2937 262 2973 1.
295 2935 351 2972 Cf.
380 2937 504 2974 Iohan.
532 2939 588 2983 13,
615 2939 670 2974 15.
839 2939 873 2974 2.
907 2936 1034 2973 Matth.
1060 2937 1117 2982 23,
1142 2936 1199 2972 25.
1369 2937 1402 2971 3.
1434 2935 1560 2972 Matth.
1588 2937 1620 2981 9,
1646 2936 1703 2970 11.

134 2995 168 3031 4.
201 2996 289 3031 Luc.
309 2997 342 3041 7,
359 2996 417 3032 47.
