2028 3386
408 207 445 238 S.
467 207 703 238 BONIFATII
733 207 792 237 ΕΤ
821 207 960 237 LULLI
989 207 1240 238 EPISTOLAE
1272 207 1323 237 24.
1339 207 1378 236 25
1618 195 1676 239 85

105 300 341 346 iunioribus
369 300 528 345 nostris
559 313 634 344 seu
663 300 806 344 missis
838 300 1156 345 decurrentibus
1188 305 1231 346 et
1261 301 1409 345 amicis
1433 301 1590 346 nostris
1613 302 1677 345 in-
1704 308 1774 343 723

105 369 264 424 luster⁸
292 379 359 423 vir
388 377 561 422 Carlusb
591 378 728 421 maior
759 377 930 433 domus,
961 377 1068 422 bene
1100 379 1274 436 cupiens
1306 382 1457 423 vester.

225 456 512 512 cognoscatis,
545 455 726 512 qualiter
756 455 1012 512 apostolicus
1044 456 1122 511 vir,
1155 457 1200 499 in
1230 456 1398 500 Christo
1430 459 1564 513 pater,
1596 455 1679 500 Bo-

105 534 284 579 nifacius
323 534 546 591 episcopus
586 533 640 576 ad
676 546 753 576 nos
791 533 909 576 venit
949 535 991 577 et
1027 533 1148 577 nobis
1188 534 1419 590 suggessit,
1458 533 1569 590 quod
1601 533 1678 578 sub

104 615 251 656 nostro
288 610 618 656 mundeburdio⁰
665 610 732 655 vel
772 611 1013 654 defensione
1052 625 1147 654 eum
1186 612 1376 668 recipere
1416 611 1676 655 deberemus,

107 689 227 742 Quod
254 689 318 733 ita
345 702 424 733 nos
455 677 664 743 gratante·
681 688 820 732 animo
851 688 956 732 hoc‘¹
987 689 1151 744 fecisse,
1183 689 1433 744 cognoscite.
1496 688 1679 733 Proinde

105 780 183 811 nos
213 766 356 811 taliter
385 766 481 822 visi,
511 766 687 810 fecimus
719 767 759 810 ei
787 780 917 810 manu
937 769 1084 809 nostra
1103 766 1346 810 roboratam
1367 767 1486 810 dare:
1519 770 1567 810 ut
1587 766 1680 810 ubi-

107 857 308 901 cumque,
346 844 420 888 ubi
451 847 494 888 et
523 844 615 899 ubi,
657 843 873 888 ambulare
903 844 1093 900 videtur,
1136 858 1232 888 cum
1262 847 1408 887 nostro
1441 857 1582 888 amore
1613 843 1681 888 vel

107 921 185 966 sub
223 924 369 965 nostro
406 921 734 965 mundeburdio⁰
767 925 810 966 et
840 921 1081 966 defensione
1114 922 1280 978 quietus
1311 921 1379 965 vel
1409 924 1680 965 conservatus

107 1013 200 1044 esse
230 999 400 1054 debeat3
432 999 478 1043 in
509 1013 560 1043 ea
589 999 766 1055 ratione,
798 1002 846 1043 ut
876 1000 1084 1044 iustitiam
1104 999 1255 1043 reddat
1277 1002 1319 1043 et
1341 999 1537 1042 similiter
1558 999 1681 1042 iusti-

106 1077 212 1122 tiam
242 1076 453 1134 accipiat‘.
505 1077 563 1121 Et
593 1077 630 1120 si
661 1077 804 1133 aliqua
833 1078 1022 1121 causatio
1050 1077 1118 1122 vel
1138 1077 1367 1121 necessitas
1389 1077 1428 1121 ei
1451 1076 1681 1132 advenerit,

109 1168 216 1212 quae
254 1168 332 1212 per
367 1154 505 1210 legem
544 1153 710 1198 definiri
748 1168 833 1198 non
864 1155 1073 1212 potuerit,
1112 1169 1245 1212 usque
1277 1158 1375 1199 ante
1405 1168 1482 1198 nos
1515 1155 1681 1211 quietus

107 1232 176 1277 vel
206 1235 478 1277 conservatus
509 1246 601 1277 esse
643 1233 815 1288 debeat,
859 1236 987 1289 quot⁸
1017 1233 1130 1291 ipse,
1171 1246 1298 1289 quam
1330 1233 1403 1289 qui
1432 1246 1510 1290 per
1540 1233 1682 1290 ipsum

108 1324 280 1369 sperare
317 1310 536 1364 videntur3
577 1313 626 1354 ut
656 1310 695 1354 ei
725 1310 865 1354 nullus
896 1310 1028 1355 ullam
1059 1312 1403 1355 contrarietatem
1433 1310 1502 1355 vel
1533 1310 1682 1367 damp-

107 1389 323 1433 nationem
351 1388 551 1433 adversus
574 1402 669 1432 eum
689 1388 827 1432 facere
848 1388 957 1432 nonh
980 1389 1150 1444 debeat3
1182 1389 1267 1433 nisi
1289 1393 1335 1432 ut
1356 1388 1472 1432 omni
1491 1391 1683 1446 tempore

108 1467 186 1511 sub
215 1470 361 1511 nostro
391 1466 713 1510 mundeburdioi
745 1466 813 1510 vel
841 1466 1084 1511 defensione
1106 1468 1272 1524 quietus
1294 1464 1362 1511 vel
1383 1466 1683 1511 conservatusk

106 1544 292 1589 residere
323 1544 485 1588 debeat.
547 1544 605 1588 Et
634 1548 682 1588 ut
711 1545 866 1588 certius
899 1546 1114 1601 credatur,
1154 1559 1284 1589 manu
1323 1545 1499 1603 propria
1538 1545 1683 1589 subter

106 1622 274 1667 firmavi
305 1626 348 1667 et
378 1623 430 1667 de
462 1622 586 1666 anulo
617 1626 762 1667 nostro
795 1623 939 1667 subter
970 1623 1262 1679 sigillavimus.

111 1767 194 1814 25.
231 1765 462 1824 Greqorius
485 1766 542 1809 II
559 1782 683 1824 papa
703 1766 942 1823 Bomfatz'o,
978 1769 1092 1824 quod
1123 1775 1313 1825 coeptum
1345 1781 1450 1824 opus
1475 1781 1683 1823 prospere

221 1846 440 1903 procedat,
460 1845 715 1902 qratulatur.
750 1845 975 1902 Siym'fieat
995 1847 1045 1888 de
1067 1845 1252 1902 epistolis
1275 1846 1333 1887 ad
1349 1843 1546 1887 Carolum
1559 1844 1681 1887 Mar-

228 1923 369 1967 tellum
408 1931 447 1966 et
475 1924 533 1965 ad
563 1922 804 1980 Thurinyos
836 1931 874 1966 ec
903 1925 962 1966 ad
993 1921 1246 1968 Germaniae
1272 1923 1482 1980 populum
1511 1923 1651 1964 missis
1660 1921 1680 1963 ¹.

1291 1999 1338 2054 (s
1364 2000 1461 2055 125,
1493 1998 1585 2043 wc
1611 1999 1680 2053 15)

227 2089 582 2134 Reverentissimo
631 2093 673 2133 et
712 2089 979 2133 sanctissimo
1018 2090 1141 2133 fratri
1179 2089 1391 2134 Bonifatio
1431 2089 1679 2146 coepiscopo
1726 2095 1794 2130 724

111 2167 338 2224 Gregorius
370 2181 516 2212 servus
548 2181 766 2211 servorum
796 2167 890 2211 Dei.
1703 2144 1811 2174 D⁰⁰'4

229 2245 424 2290 Creditae
455 2245 753 2302 speculationis
784 2244 1066 2288 sollicitudine
1087 2245 1282 2302 permoti,
1315 2244 1559 2300 euangelica
1579 2257 1682 2300 quo-

110 2338 191 2381 que
220 2324 506 2378 institutione,
539 2337 622 2380 qua
653 2323 731 2366 ait:
768 2323 1022 2367 obsecrateffl
1054 2325 1271 2367 dominum
1300 2326 1458 2376 messis,
1493 2332 1539 2366 ut
1560 2324 1682 2365 eiciat

111 2405 329 2461 operarios
359 2404 406 2444 in
436 2417 607 2444 messem
638 2417 758 2444 suam
771 2398 794 2455 ¹,
827 2403 945 2444 tuam
976 2401 1154 2457 proinde
1186 2400 1461 2444 reverendam
1482 2399 1680 2443 fraterni-

108 2483 237 2524 tatem
272 2479 326 2523 ad
355 2479 636 2522 imitationem
660 2479 947 2536 apostolorum
971 2503 1025 2507 —
1047 2482 1096 2522 ut
1115 2478 1298 2522 Domino
1319 2478 1488 2522 iubente
1509 2490 1680 2534 praece-

109 2557 174 2616 pti
203 2561 322 2601 sunt:
352 2558 512 2601 Euneos
527 2559 774 2615 praedicate
796 2558 1058 2614 euanyelium
1077 2553 1220 2614 reqm'²
1231 2573 1245 2608 ,·
1278 2555 1423 2602 Gratis
1445 2558 1677 2613 accepistis,

207 2680 234 2701 a.
263 2669 401 2701 inlustris
431 2672 527 2701 MCa.
645 2670 675 2700 b.
704 2669 828 2700 Carolus
853 2671 905 2701 Cb.
1025 2678 1050 2699 c.
1078 2669 1297 2706 mundeburgio
1321 2669 1446 2699 MCaV.
1564 2668 1594 2698 d.
1622 2667 1680 2698 hoc

111 2725 238 2755 deletum
261 2731 305 2754 est
326 2726 356 2754 in
380 2726 436 2755 Cn.
527 2733 553 2753 e.
575 2723 792 2761 mundeburgio
817 2726 874 2754 Ca.
965 2723 986 2753 f.
1009 2723 1137 2761 recipiat
1158 2724 1204 2752 M.
1297 2731 1324 2759 g.
1347 2734 1422 2751 corr.
1446 2723 1475 2751 in
1497 2723 1559 2752 tam
1576 2723 1678 2753 Caco.

109 2777 141 2808 h.
170 2787 232 2808 non
254 2779 380 2808 deletum
405 2783 448 2807 cst
469 2779 498 2807 ιἰι
523 2778 626 2808 CaCb.
717 2777 737 2807 i.
766 2776 985 2814 mundeburgio
1010 2779 1066 2807 Ca.
1154 2775 1184 2804 k.
1214 2777 1409 2805 conservatur
1429 2776 1505 2806 MV.
1595 2775 1616 2805 1.
1641 2786 1680 2805 ex

112 2834 150 2861 M
170 2832 188 2862 8
205 2831 303 2867 -9v‚
335 2833 361 2862 C
381 2831 497 2861 7-7υ.
541 2832 611 2861 Sine
640 2831 777 2859 lemmate
801 2833 851 2865 M,
884 2829 936 2859 ubi
961 2836 1058 2859 tamen
1089 2832 1118 2859 in
1140 2830 1280 2869 Gregorii
1301 2831 1335 2859 II
1353 2830 1459 2859 litteris
1478 2830 1582 2867 posita
1604 2829 1680 2858 haec

110 2886 241 2923 epistola
264 2891 324 2921 es1‚·
348 2884 422 2913 Item
446 2884 582 2921 Gregorii
603 2883 687 2913 tertii
710 2885 744 2914 C.
850 2892 889 2912 m.
918 2882 1045 2912 obsecra
1067 2885 1112 2918 M,
1136 2882 1294 2912 obsecrare
1319 2884 1353 2913 C.

208 2955 239 2989 1.
271 2952 399 2990 Matth.
418 2955 450 2999 9,
470 2954 527 2999 38,
553 2954 641 2988 Luc.
659 2953 714 2998 10,
732 2953 765 2988 2.
888 2953 921 2987 2.
955 2950 1009 2988 Cf.
1035 2952 1146 2987 Marc.
1166 2952 1222 2997 16,
1242 2952 1298 2987 15.
