<?xml version="1.0" encoding="UTF-8"?>
<!DOCTYPE html PUBLIC "-//W3C//DTD XHTML 1.0 Transitional//EN"
    "http://www.w3.org/TR/xhtml1/DTD/xhtml1-transitional.dtd">
<html xmlns="http://www.w3.org/1999/xhtml" xml:lang="en" lang="en">
 <head>
  <title>
</title>
<meta http-equiv="Content-Type" content="text/html;charset=utf-8" />
  <meta name='ocr-system' content='tesseract 3.04.00' />
  <meta name='ocr-capabilities' content='ocr_page ocr_carea ocr_par ocr_line ocrx_word'/>
</head>
<body>
  <div class='ocr_page' id='page_1' title='image "bibliothecarerum03wattuoft_0564.png"; bbox 0 0 2028 3380; ppageno 0'>
   <div class='ocr_carea' id='block_1_1' title="bbox 259 328 384 407">
    <p class='ocr_par' dir='ltr' id='par_1_1' title="bbox 259 328 384 407">
     <span class='ocr_line' id='line_1_1' title="bbox 280 328 370 363; baseline 0 0"><span class='ocrx_word' id='word_1_1' title='bbox 280 328 370 363; x_wconf 83' lang='grc'><strong>1031</strong></span> 
     </span>
     <span class='ocr_line' id='line_1_2' title="bbox 259 375 384 407; baseline 0.008 -1"><span class='ocrx_word' id='word_1_2' title='bbox 259 375 333 406; x_wconf 87' lang='lat' dir='ltr'><strong>Dec.</strong></span> <span class='ocrx_word' id='word_1_3' title='bbox 345 376 384 407; x_wconf 83' lang='lat'><strong>25</strong></span> 
     </span>
    </p>
   </div>
   <div class='ocr_carea' id='block_1_2' title="bbox 260 557 383 588">
    <p class='ocr_par' dir='ltr' id='par_1_2' title="bbox 260 557 383 588">
     <span class='ocr_line' id='line_1_3' title="bbox 260 557 383 588; baseline 0 0"><span class='ocrx_word' id='word_1_4' title='bbox 260 557 332 588; x_wconf 85' lang='lat' dir='ltr'><strong>Dec.</strong></span> <span class='ocrx_word' id='word_1_5' title='bbox 345 559 383 588; x_wconf 85' lang='lat'><strong>26</strong></span> 
     </span>
    </p>
   </div>
   <div class='ocr_carea' id='block_1_3' title="bbox 255 1097 380 1128">
    <p class='ocr_par' dir='ltr' id='par_1_3' title="bbox 255 1097 380 1128">
     <span class='ocr_line' id='line_1_4' title="bbox 255 1097 380 1128; baseline 0.008 -1"><span class='ocrx_word' id='word_1_6' title='bbox 255 1097 328 1127; x_wconf 88' lang='lat' dir='ltr'><strong>Dec.</strong></span> <span class='ocrx_word' id='word_1_7' title='bbox 341 1098 380 1128; x_wconf 86' lang='lat'><strong>27</strong></span> 
     </span>
    </p>
   </div>
   <div class='ocr_carea' id='block_1_4' title="bbox 409 216 1625 262">
    <p class='ocr_par' dir='ltr' id='par_1_4' title="bbox 409 216 1625 262">
     <span class='ocr_line' id='line_1_5' title="bbox 409 216 1625 262; baseline 0.002 -2"><span class='ocrx_word' id='word_1_8' title='bbox 409 216 495 261; x_wconf 86' lang='lat'><strong>546</strong></span> <span class='ocrx_word' id='word_1_9' title='bbox 745 228 957 259; x_wconf 74' lang='lat' dir='ltr'><strong>MONAcm</strong></span> <span class='ocrx_word' id='word_1_10' title='bbox 987 229 1233 260; x_wconf 77' lang='lat' dir='ltr'>FULDENSIS</span> <span class='ocrx_word' id='word_1_11' title='bbox 1263 231 1367 261; x_wconf 75' lang='lat' dir='ltr'><strong>vrrA</strong></span> <span class='ocrx_word' id='word_1_12' title='bbox 1400 231 1625 262; x_wconf 79' lang='lat' dir='ltr'><strong>BARDONIS</strong></span> 
     </span>
    </p>
   </div>
   <div class='ocr_carea' id='block_1_5' title="bbox 395 320 1956 2770">
    <p class='ocr_par' dir='ltr' id='par_1_5' title="bbox 395 320 1956 2770">
     <span class='ocr_line' id='line_1_6' title="bbox 407 320 1954 382; baseline 0.003 -19"><span class='ocrx_word' id='word_1_13' title='bbox 407 324 455 364; x_wconf 91' lang='lat' dir='ltr'><strong>ut</strong></span> <span class='ocrx_word' id='word_1_14' title='bbox 484 324 627 378; x_wconf 88' lang='lat' dir='ltr'><strong>aperte</strong></span> <span class='ocrx_word' id='word_1_15' title='bbox 657 320 835 375; x_wconf 79' lang='lat' dir='ltr'><strong>intelligi</strong></span> <span class='ocrx_word' id='word_1_16' title='bbox 872 325 1036 378; x_wconf 82' lang='lat' dir='ltr'><strong>posset,</strong></span> <span class='ocrx_word' id='word_1_17' title='bbox 1076 322 1272 377; x_wconf 84' lang='lat' dir='ltr'><strong>quidnam</strong></span> <span class='ocrx_word' id='word_1_18' title='bbox 1309 324 1352 367; x_wconf 92' lang='lat' dir='ltr'><strong>in</strong></span> <span class='ocrx_word' id='word_1_19' title='bbox 1382 323 1455 368; x_wconf 92' lang='lat' dir='ltr'><strong>illo</strong></span> <span class='ocrx_word' id='word_1_20' title='bbox 1486 325 1566 369; x_wconf 87' lang='lat' dir='ltr'><strong>sibi</strong></span> <span class='ocrx_word' id='word_1_21' title='bbox 1596 325 1778 368; x_wconf 86' lang='lat' dir='ltr'><strong>maxime</strong></span> <span class='ocrx_word' id='word_1_22' title='bbox 1795 324 1954 382; x_wconf 77' lang='lat' dir='ltr'><strong>displi-</strong></span> 
     </span>
     <span class='ocr_line' id='line_1_7' title="bbox 408 397 1956 457; baseline 0.003 -16"><span class='ocrx_word' id='word_1_23' title='bbox 408 398 572 441; x_wconf 90' lang='lat' dir='ltr'><strong>cuisset.</strong></span> <span class='ocrx_word' id='word_1_24' title='bbox 621 397 709 441; x_wconf 82' lang='lat' dir='ltr'><strong>Rex</strong></span> <span class='ocrx_word' id='word_1_25' title='bbox 739 412 846 455; x_wconf 89' lang='lat' dir='ltr'><strong>pene</strong></span> <span class='ocrx_word' id='word_1_26' title='bbox 875 399 1099 455; x_wconf 86' lang='lat' dir='ltr'>inpransus</span> <span class='ocrx_word' id='word_1_27' title='bbox 1131 403 1214 454; x_wconf 87' lang='lat' dir='ltr'><strong>est,</strong></span> <span class='ocrx_word' id='word_1_28' title='bbox 1252 400 1387 444; x_wconf 87' lang='lat' dir='ltr'><strong>nullas</strong></span> <span class='ocrx_word' id='word_1_29' title='bbox 1426 403 1605 457; x_wconf 82' lang='lat' dir='ltr'><strong>quesivit</strong></span> <span class='ocrx_word' id='word_1_30' title='bbox 1644 402 1813 445; x_wconf 79' lang='lat' dir='ltr'><strong>delicias</strong></span> <span class='ocrx_word' id='word_1_31' title='bbox 1834 400 1956 446; x_wconf 76' lang='lat' dir='ltr'><strong>cibo-</strong></span> 
     </span>
     <span class='ocr_line' id='line_1_8' title="bbox 407 475 1879 535; baseline 0.004 -18"><span class='ocrx_word' id='word_1_32' title='bbox 407 487 522 528; x_wconf 82' lang='lat' dir='ltr'><strong>rum3</strong></span> <span class='ocrx_word' id='word_1_33' title='bbox 556 475 754 530; x_wconf 91' lang='lat' dir='ltr'><strong>quoniam</strong></span> <span class='ocrx_word' id='word_1_34' title='bbox 783 475 875 532; x_wconf 87' lang='lat' dir='ltr'><strong>ipse</strong></span> <span class='ocrx_word' id='word_1_35' title='bbox 907 489 1046 519; x_wconf 90' lang='lat' dir='ltr'><strong>amare</strong></span> <span class='ocrx_word' id='word_1_36' title='bbox 1077 476 1283 520; x_wconf 85' lang='lat' dir='ltr'><strong>morsibus</strong></span> <span class='ocrx_word' id='word_1_37' title='bbox 1315 479 1563 535; x_wconf 77' lang='lat' dir='ltr'><strong>carpebatur</strong></span> <span class='ocrx_word' id='word_1_38' title='bbox 1593 478 1879 522; x_wconf 79' lang='lat' dir='ltr'><strong>lacerantium.</strong></span> 
     </span>
     <span class='ocr_line' id='line_1_9' title="bbox 523 550 1956 612; baseline 0.004 -17"><span class='ocrx_word' id='word_1_39' title='bbox 523 550 626 595; x_wconf 87' lang='lat' dir='ltr'><strong>Dies</strong></span> <span class='ocrx_word' id='word_1_40' title='bbox 656 552 771 596; x_wconf 90' lang='lat' dir='ltr'><strong>venit</strong></span> <span class='ocrx_word' id='word_1_41' title='bbox 800 552 942 596; x_wconf 88' lang='lat' dir='ltr'><strong>altera.</strong></span> <span class='ocrx_word' id='word_1_42' title='bbox 990 553 1047 596; x_wconf 88' lang='lat' dir='ltr'><strong>Et</strong></span> <span class='ocrx_word' id='word_1_43' title='bbox 1073 553 1270 597; x_wconf 89' lang='lat' dir='ltr'><strong>Metensis</strong></span> <span class='ocrx_word' id='word_1_44' title='bbox 1302 554 1520 611; x_wconf 89' lang='lat' dir='ltr'><strong>episcopus</strong></span> <span class='ocrx_word' id='word_1_45' title='bbox 1543 555 1789 600; x_wconf 81' lang='lat' dir='ltr'><strong>Diodericus</strong></span> <span class='ocrx_word' id='word_1_46' title='bbox 1800 553 1824 612; x_wconf 85' lang='lat'><strong>¹,</strong></span> <span class='ocrx_word' id='word_1_47' title='bbox 1854 555 1956 600; x_wconf 75' lang='lat' dir='ltr'><strong>mis-</strong></span> 
     </span>
     <span class='ocr_line' id='line_1_10' title="bbox 406 618 1954 687; baseline 0.004 -16"><span class='ocrx_word' id='word_1_48' title='bbox 406 641 473 671; x_wconf 87' lang='lat' dir='ltr'><strong>sas</strong></span> <span class='ocrx_word' id='word_1_49' title='bbox 505 625 732 685; x_wconf 81' lang='lat' dir='ltr'><strong>celebrans,</strong></span> <span class='ocrx_word' id='word_1_50' title='bbox 765 630 961 685; x_wconf 90' lang='lat' dir='ltr'><strong>quicquid</strong></span> <span class='ocrx_word' id='word_1_51' title='bbox 991 630 1120 685; x_wconf 84' lang='lat' dir='ltr'><strong>novit,</strong></span> <span class='ocrx_word' id='word_1_52' title='bbox 1153 618 1352 687; x_wconf 87' lang='lat' dir='ltr'><strong>prodigus</strong></span> <span class='ocrx_word' id='word_1_53' title='bbox 1373 630 1529 675; x_wconf 89' lang='lat' dir='ltr'><strong>effudit.</strong></span> <span class='ocrx_word' id='word_1_54' title='bbox 1576 631 1790 677; x_wconf 81' lang='lat' dir='ltr'><strong>Laudatur</strong></span> <span class='ocrx_word' id='word_1_55' title='bbox 1809 632 1880 677; x_wconf 86' lang='lat' dir='ltr'><strong>ille</strong></span> <span class='ocrx_word' id='word_1_56' title='bbox 1901 631 1954 676; x_wconf 81' lang='lat' dir='ltr'><strong>ab</strong></span> 
     </span>
     <span class='ocr_line' id='line_1_11' title="bbox 406 705 1956 766; baseline 0.003 -18"><span class='ocrx_word' id='word_1_57' title='bbox 406 705 617 761; x_wconf 83' lang='lat' dir='ltr'><strong>omnibus,</strong></span> <span class='ocrx_word' id='word_1_58' title='bbox 658 706 908 750; x_wconf 86' lang='lat' dir='ltr'><strong>dicentibus:</strong></span> <span class='ocrx_word' id='word_1_59' title='bbox 955 708 1040 751; x_wconf 77' lang='lat' dir='ltr'><strong>Hic</strong></span> <span class='ocrx_word' id='word_1_60' title='bbox 1078 718 1135 751; x_wconf 76' lang='lat' dir='ltr'><strong>est</strong></span> <span class='ocrx_word' id='word_1_61' title='bbox 1174 711 1403 765; x_wconf 72' lang='lat' dir='ltr'><strong>episeopus.</strong></span> <span class='ocrx_word' id='word_1_62' title='bbox 1450 708 1526 752; x_wconf 90' lang='lat' dir='ltr'><strong>Vir</strong></span> <span class='ocrx_word' id='word_1_63' title='bbox 1562 713 1722 764; x_wconf 87' lang='lat' dir='ltr'><strong>autem,</strong></span> <span class='ocrx_word' id='word_1_64' title='bbox 1760 710 1832 766; x_wconf 88' lang='lat' dir='ltr'><strong>qui</strong></span> <span class='ocrx_word' id='word_1_65' title='bbox 1870 722 1956 753; x_wconf 86' lang='lat' dir='ltr'><strong>non</strong></span> 
     </span>
     <span class='ocr_line' id='line_1_12' title="bbox 406 782 1956 844; baseline 0.003 -19"><span class='ocrx_word' id='word_1_66' title='bbox 406 782 602 826; x_wconf 84' lang='lat' dir='ltr'><strong>nescivit:</strong></span> <span class='ocrx_word' id='word_1_67' title='bbox 649 783 798 827; x_wconf 79' lang='lat' dir='ltr'><strong>Totum</strong></span> <span class='ocrx_word' id='word_1_68' title='bbox 834 787 1028 842; x_wconf 72' lang='lat' dir='ltr'><strong>spiritum</strong></span> <span class='ocrx_word' id='word_1_69' title='bbox 1066 801 1186 828; x_wconf 74' lang='lat' dir='ltr'><strong>suum</strong></span> <span class='ocrx_word' id='word_1_70' title='bbox 1211 786 1380 843; x_wconf 78' lang='lat' dir='ltr'><strong>profert</strong></span> <span class='ocrx_word' id='word_1_71' title='bbox 1408 787 1576 839; x_wconf 70' lang='lat' dir='ltr'><strong>stultus,</strong></span> <span class='ocrx_word' id='word_1_72' title='bbox 1618 788 1785 844; x_wconf 72' lang='lat' dir='ltr'><strong>sapiens</strong></span> <span class='ocrx_word' id='word_1_73' title='bbox 1819 795 1956 830; x_wconf 79' lang='lat' dir='ltr'><strong>autem</strong></span> 
     </span>
     <span class='ocr_line' id='line_1_13' title="bbox 404 859 1954 918; baseline 0.003 -16"><span class='ocrx_word' id='word_1_74' title='bbox 404 869 588 903; x_wconf 72' lang='lat' dir='ltr'><strong>reservat</strong></span> <span class='ocrx_word' id='word_1_75' title='bbox 628 863 676 904; x_wconf 80' lang='lat' dir='ltr'><strong>iu</strong></span> <span class='ocrx_word' id='word_1_76' title='bbox 717 871 929 918; x_wconf 74' lang='lat' dir='ltr'><strong>posterum</strong></span> <span class='ocrx_word' id='word_1_77' title='bbox 938 859 966 917; x_wconf 84' lang='lat'><strong>²,</strong></span> <span class='ocrx_word' id='word_1_78' title='bbox 1011 875 1088 905; x_wconf 88' lang='lat' dir='ltr'><strong>nec</strong></span> <span class='ocrx_word' id='word_1_79' title='bbox 1133 876 1236 905; x_wconf 89' lang='lat' dir='ltr'><strong>aura</strong></span> <span class='ocrx_word' id='word_1_80' title='bbox 1278 862 1432 905; x_wconf 84' lang='lat' dir='ltr'><strong>favoris</strong></span> <span class='ocrx_word' id='word_1_81' title='bbox 1479 862 1611 906; x_wconf 86' lang='lat' dir='ltr'><strong>elatus</strong></span> <span class='ocrx_word' id='word_1_82' title='bbox 1658 876 1735 907; x_wconf 90' lang='lat' dir='ltr'><strong>nec</strong></span> <span class='ocrx_word' id='word_1_83' title='bbox 1772 863 1954 907; x_wconf 70' lang='lat' dir='ltr'><strong>invidiae</strong></span> 
     </span>
     <span class='ocr_line' id='line_1_14' title="bbox 404 936 1955 998; baseline 0.003 -18"><span class='ocrx_word' id='word_1_84' title='bbox 404 937 612 981; x_wconf 82' lang='lat' dir='ltr'><strong>morsibus</strong></span> <span class='ocrx_word' id='word_1_85' title='bbox 641 938 888 994; x_wconf 77' lang='lat' dir='ltr'><strong>inclinatus,</strong></span> <span class='ocrx_word' id='word_1_86' title='bbox 926 939 1138 995; x_wconf 87' lang='lat' dir='ltr'><strong>pacienter</strong></span> <span class='ocrx_word' id='word_1_87' title='bbox 1169 939 1386 993; x_wconf 84' lang='lat' dir='ltr'><strong>sustinuit3</strong></span> <span class='ocrx_word' id='word_1_88' title='bbox 1425 940 1703 996; x_wconf 82' lang='lat' dir='ltr'><strong>certissimus,</strong></span> <span class='ocrx_word' id='word_1_89' title='bbox 1735 936 1834 996; x_wconf 81' lang='lat' dir='ltr'><strong>&#39;quid</strong></span> <span class='ocrx_word' id='word_1_90' title='bbox 1863 940 1955 998; x_wconf 79' lang='lat' dir='ltr'><strong>ipsc</strong></span> 
     </span>
     <span class='ocr_line' id='line_1_15' title="bbox 403 1014 1828 1059; baseline 0.004 -2"><span class='ocrx_word' id='word_1_91' title='bbox 403 1014 588 1058; x_wconf 90' lang='lat' dir='ltr'><strong>facturus</strong></span> <span class='ocrx_word' id='word_1_92' title='bbox 620 1015 687 1059; x_wconf 90' lang='lat' dir='ltr'><strong>sit.</strong></span> <span class='ocrx_word' id='word_1_93' title='bbox 1825 1020 1828 1025; x_wconf 81' lang='lat'>&#39;</span> 
     </span>
     <span class='ocr_line' id='line_1_16' title="bbox 521 1091 1954 1152; baseline 0.002 -17"><span class='ocrx_word' id='word_1_94' title='bbox 521 1091 647 1135; x_wconf 89' lang='lat' dir='ltr'><strong>Venit</strong></span> <span class='ocrx_word' id='word_1_95' title='bbox 683 1093 771 1136; x_wconf 92' lang='lat' dir='ltr'><strong>dies</strong></span> <span class='ocrx_word' id='word_1_96' title='bbox 809 1093 960 1146; x_wconf 83' lang='lat' dir='ltr'><strong>tercia3</strong></span> <span class='ocrx_word' id='word_1_97' title='bbox 999 1093 1254 1148; x_wconf 89' lang='lat' dir='ltr'><strong>missumque</strong></span> <span class='ocrx_word' id='word_1_98' title='bbox 1294 1097 1358 1136; x_wconf 87' lang='lat' dir='ltr'><strong>est</strong></span> <span class='ocrx_word' id='word_1_99' title='bbox 1394 1093 1447 1136; x_wconf 91' lang='lat' dir='ltr'><strong>ad</strong></span> <span class='ocrx_word' id='word_1_100' title='bbox 1486 1094 1602 1150; x_wconf 91' lang='lat' dir='ltr'><strong>pium</strong></span> <span class='ocrx_word' id='word_1_101' title='bbox 1634 1097 1820 1151; x_wconf 81' lang='lat' dir='ltr'><strong>patrem:</strong></span> <span class='ocrx_word' id='word_1_102' title='bbox 1862 1094 1954 1152; x_wconf 83' lang='lat' dir='ltr'><strong>quis</strong></span> 
     </span>
     <span class='ocr_line' id='line_1_17' title="bbox 404 1168 1952 1227; baseline 0.003 -16"><span class='ocrx_word' id='word_1_103' title='bbox 404 1168 572 1212; x_wconf 89' lang='lat' dir='ltr'><strong>deberet</strong></span> <span class='ocrx_word' id='word_1_104' title='bbox 601 1169 752 1213; x_wconf 87' lang='lat' dir='ltr'><strong>missas</strong></span> <span class='ocrx_word' id='word_1_105' title='bbox 783 1183 916 1224; x_wconf 86' lang='lat' dir='ltr'><strong>agere.</strong></span> <span class='ocrx_word' id='word_1_106' title='bbox 966 1169 1044 1221; x_wconf 88' lang='lat' dir='ltr'><strong>Qui</strong></span> <span class='ocrx_word' id='word_1_107' title='bbox 1075 1184 1118 1213; x_wconf 92' lang='lat' dir='ltr'><strong>se</strong></span> <span class='ocrx_word' id='word_1_108' title='bbox 1139 1170 1364 1226; x_wconf 75' lang='lat' dir='ltr'><strong>professus,</strong></span> <span class='ocrx_word' id='word_1_109' title='bbox 1398 1171 1539 1214; x_wconf 90' lang='lat' dir='ltr'><strong>divina</strong></span> <span class='ocrx_word' id='word_1_110' title='bbox 1559 1172 1784 1215; x_wconf 85' lang='lat' dir='ltr'><strong>comitante</strong></span> <span class='ocrx_word' id='word_1_111' title='bbox 1802 1172 1952 1227; x_wconf 64' lang='lat' dir='ltr'><strong>gratia.</strong></span> 
     </span>
     <span class='ocr_line' id='line_1_18' title="bbox 403 1245 1953 1304; baseline 0.003 -16"><span class='ocrx_word' id='word_1_112' title='bbox 403 1245 659 1298; x_wconf 78' lang='lat' dir='ltr'><strong>Averterunt</strong></span> <span class='ocrx_word' id='word_1_113' title='bbox 689 1260 783 1289; x_wconf 92' lang='lat' dir='ltr'><strong>eum</strong></span> <span class='ocrx_word' id='word_1_114' title='bbox 815 1247 938 1289; x_wconf 91' lang='lat' dir='ltr'><strong>amici</strong></span> <span class='ocrx_word' id='word_1_115' title='bbox 970 1247 1078 1300; x_wconf 83' lang='lat' dir='ltr'><strong>eius3</strong></span> <span class='ocrx_word' id='word_1_116' title='bbox 1111 1247 1277 1302; x_wconf 84' lang='lat' dir='ltr'><strong>callide,</strong></span> <span class='ocrx_word' id='word_1_117' title='bbox 1311 1248 1429 1303; x_wconf 90' lang='lat' dir='ltr'><strong>quasi</strong></span> <span class='ocrx_word' id='word_1_118' title='bbox 1460 1261 1585 1291; x_wconf 88' lang='lat' dir='ltr'><strong>causa</strong></span> <span class='ocrx_word' id='word_1_119' title='bbox 1614 1248 1767 1292; x_wconf 88' lang='lat' dir='ltr'><strong>laboris</strong></span> <span class='ocrx_word' id='word_1_120' title='bbox 1797 1249 1953 1304; x_wconf 75' lang='lat' dir='ltr'><strong>magni,</strong></span> 
     </span>
     <span class='ocr_line' id='line_1_19' title="bbox 402 1318 1955 1388; baseline 0.003 -23"><span class='ocrx_word' id='word_1_121' title='bbox 402 1322 631 1377; x_wconf 83' lang='lat' dir='ltr'><strong>hortantes,</strong></span> <span class='ocrx_word' id='word_1_122' title='bbox 665 1327 713 1366; x_wconf 86' lang='lat' dir='ltr'><strong>ut</strong></span> <span class='ocrx_word' id='word_1_123' title='bbox 743 1338 868 1380; x_wconf 90' lang='lat' dir='ltr'><strong>super</strong></span> <span class='ocrx_word' id='word_1_124' title='bbox 898 1324 975 1366; x_wconf 90' lang='lat' dir='ltr'><strong>hac</strong></span> <span class='ocrx_word' id='word_1_125' title='bbox 1005 1337 1051 1365; x_wconf 89' lang='lat' dir='ltr'><strong>re</strong></span> <span class='ocrx_word' id='word_1_126' title='bbox 1081 1318 1243 1366; x_wconf 86' lang='lat' dir='ltr'><strong>iuberet</strong></span> <span class='ocrx_word' id='word_1_127' title='bbox 1274 1324 1416 1377; x_wconf 82' lang='lat' dir='ltr'><strong>alicui3</strong></span> <span class='ocrx_word' id='word_1_128' title='bbox 1449 1339 1494 1368; x_wconf 91' lang='lat' dir='ltr'><strong>re</strong></span> <span class='ocrx_word' id='word_1_129' title='bbox 1526 1330 1665 1369; x_wconf 88' lang='lat' dir='ltr'><strong>autem</strong></span> <span class='ocrx_word' id='word_1_130' title='bbox 1693 1339 1807 1388; x_wconf 53' lang='lat' dir='ltr'><strong>vera?</strong></span> <span class='ocrx_word' id='word_1_131' title='bbox 1837 1339 1955 1370; x_wconf 83' lang='lat' dir='ltr'><strong>vere-</strong></span> 
     </span>
     <span class='ocr_line' id='line_1_20' title="bbox 403 1400 1954 1458; baseline 0.003 -16"><span class='ocrx_word' id='word_1_132' title='bbox 403 1400 572 1442; x_wconf 90' lang='lat' dir='ltr'><strong>cundati</strong></span> <span class='ocrx_word' id='word_1_133' title='bbox 603 1414 729 1456; x_wconf 90' lang='lat' dir='ltr'><strong>super</strong></span> <span class='ocrx_word' id='word_1_134' title='bbox 761 1414 964 1454; x_wconf 75' lang='lat' dir='ltr'><strong>sermone,</strong></span> <span class='ocrx_word' id='word_1_135' title='bbox 997 1413 1118 1455; x_wconf 91' lang='lat' dir='ltr'><strong>quem</strong></span> <span class='ocrx_word' id='word_1_136' title='bbox 1142 1400 1390 1444; x_wconf 90' lang='lat' dir='ltr'><strong>declamavit</strong></span> <span class='ocrx_word' id='word_1_137' title='bbox 1410 1402 1557 1458; x_wconf 88' lang='lat' dir='ltr'><strong>pridie.</strong></span> <span class='ocrx_word' id='word_1_138' title='bbox 1604 1402 1678 1446; x_wconf 93' lang='lat' dir='ltr'><strong>Ille</strong></span> <span class='ocrx_word' id='word_1_139' title='bbox 1698 1416 1810 1458; x_wconf 80' lang='lat' dir='ltr'><strong>vern,</strong></span> <span class='ocrx_word' id='word_1_140' title='bbox 1843 1402 1954 1458; x_wconf 79' lang='lat' dir='ltr'><strong>cogi-</strong></span> 
     </span>
     <span class='ocr_line' id='line_1_21' title="bbox 402 1476 1955 1535; baseline 0.003 -16"><span class='ocrx_word' id='word_1_141' title='bbox 402 1479 496 1520; x_wconf 89' lang='lat' dir='ltr'><strong>tans</strong></span> <span class='ocrx_word' id='word_1_142' title='bbox 536 1477 649 1520; x_wconf 89' lang='lat' dir='ltr'><strong>intra</strong></span> <span class='ocrx_word' id='word_1_143' title='bbox 688 1482 819 1520; x_wconf 85' lang='lat' dir='ltr'><strong>semet</strong></span> <span class='ocrx_word' id='word_1_144' title='bbox 856 1478 1015 1534; x_wconf 85' lang='lat' dir='ltr'><strong>ipsum:</strong></span> <span class='ocrx_word' id='word_1_145' title='bbox 1059 1476 1250 1521; x_wconf 76' lang='lat' dir='ltr'><strong>Gloriam</strong></span> <span class='ocrx_word' id='word_1_146' title='bbox 1280 1494 1413 1521; x_wconf 83' lang='lat' dir='ltr'><strong>meam</strong></span> <span class='ocrx_word' id='word_1_147' title='bbox 1445 1481 1567 1522; x_wconf 72' lang='lat' dir='ltr'><strong>altem·</strong></span> <span class='ocrx_word' id='word_1_148' title='bbox 1593 1495 1678 1523; x_wconf 76' lang='lat' dir='ltr'><strong>non</strong></span> <span class='ocrx_word' id='word_1_149' title='bbox 1709 1481 1816 1523; x_wconf 82' lang='lat' dir='ltr'><strong>dabo</strong></span> <span class='ocrx_word' id='word_1_150' title='bbox 1826 1476 1855 1535; x_wconf 84' lang='lat'><strong>⁸,</strong></span> <span class='ocrx_word' id='word_1_151' title='bbox 1895 1480 1955 1523; x_wconf 90' lang='lat' dir='ltr'><strong>ait</strong></span> 
     </span>
     <span class='ocr_line' id='line_1_22' title="bbox 401 1549 1954 1612; baseline 0.003 -16"><span class='ocrx_word' id='word_1_152' title='bbox 401 1553 638 1597; x_wconf 86' lang='lat' dir='ltr'><strong>humiliter:</strong></span> <span class='ocrx_word' id='word_1_153' title='bbox 681 1554 972 1612; x_wconf 69' lang='lat' dir='ltr'><strong>Unusquisque</strong></span> <span class='ocrx_word' id='word_1_154' title='bbox 1009 1570 1111 1597; x_wconf 75' lang='lat' dir='ltr'><strong>onus</strong></span> <span class='ocrx_word' id='word_1_155' title='bbox 1151 1571 1272 1598; x_wconf 70' lang='lat' dir='ltr'><strong>suum</strong></span> <span class='ocrx_word' id='word_1_156' title='bbox 1303 1557 1493 1612; x_wconf 77' lang='lat' dir='ltr'><strong>portabit</strong></span> <span class='ocrx_word' id='word_1_157' title='bbox 1502 1553 1526 1598; x_wconf 89' lang='lat'><strong>⁴.</strong></span> <span class='ocrx_word' id='word_1_158' title='bbox 1575 1555 1656 1607; x_wconf 85' lang='lat' dir='ltr'><strong>Qui</strong></span> <span class='ocrx_word' id='word_1_159' title='bbox 1684 1570 1778 1599; x_wconf 88' lang='lat' dir='ltr'><strong>cum</strong></span> <span class='ocrx_word' id='word_1_160' title='bbox 1809 1549 1954 1600; x_wconf 79' lang='lat' dir='ltr'><strong>causa—</strong></span> 
     </span>
     <span class='ocr_line' id='line_1_23' title="bbox 400 1631 1951 1690; baseline 0.003 -17"><span class='ocrx_word' id='word_1_161' title='bbox 400 1635 546 1674; x_wconf 88' lang='lat' dir='ltr'><strong>rentur</strong></span> <span class='ocrx_word' id='word_1_162' title='bbox 575 1631 777 1687; x_wconf 81' lang='lat' dir='ltr'><strong>laborem,</strong></span> <span class='ocrx_word' id='word_1_163' title='bbox 811 1632 925 1686; x_wconf 80' lang='lat' dir='ltr'><strong>Quid</strong></span> <span class='ocrx_word' id='word_1_164' title='bbox 955 1632 1092 1687; x_wconf 88' lang='lat' dir='ltr'><strong>inquit</strong></span> <span class='ocrx_word' id='word_1_165' title='bbox 1123 1633 1226 1675; x_wconf 71' lang='lat' dir='ltr'><em>mihi</em></span> <span class='ocrx_word' id='word_1_166' title='bbox 1254 1634 1398 1676; x_wconf 78' lang='lat' dir='ltr'><strong>utilius</strong></span> <span class='ocrx_word' id='word_1_167' title='bbox 1431 1642 1510 1676; x_wconf 72' lang='lat' dir='ltr'><strong>est.-</strong></span> <span class='ocrx_word' id='word_1_168' title='bbox 1542 1635 1714 1690; x_wconf 72' lang='lat' dir='ltr'><strong>aqendio</strong></span> <span class='ocrx_word' id='word_1_169' title='bbox 1744 1636 1845 1677; x_wconf 79' lang='lat' dir='ltr'><strong>dare</strong></span> <span class='ocrx_word' id='word_1_170' title='bbox 1865 1643 1951 1679; x_wconf 74' lang='lat' dir='ltr'><strong>stu—</strong></span> 
     </span>
     <span class='ocr_line' id='line_1_24' title="bbox 402 1710 1953 1766; baseline 0.003 -15"><span class='ocrx_word' id='word_1_171' title='bbox 402 1710 516 1751; x_wconf 82' lang='lat' dir='ltr'><strong>dium</strong></span> <span class='ocrx_word' id='word_1_172' title='bbox 557 1726 613 1751; x_wconf 78' lang='lat' dir='ltr'><strong>an</strong></span> <span class='ocrx_word' id='word_1_173' title='bbox 653 1711 926 1766; x_wconf 70' lang='lat' dir='ltr'><strong>neqliyentiae</strong></span> <span class='ocrx_word' id='word_1_174' title='bbox 971 1711 1160 1752; x_wconf 73' lang='lat' dir='ltr'><strong>aditum?</strong></span> <span class='ocrx_word' id='word_1_175' title='bbox 1278 1710 1455 1753; x_wconf 83' lang='lat' dir='ltr'><strong>Paratus</strong></span> <span class='ocrx_word' id='word_1_176' title='bbox 1494 1710 1634 1765; x_wconf 81' lang='lat' dir='ltr'><strong>itaque</strong></span> <span class='ocrx_word' id='word_1_177' title='bbox 1674 1724 1766 1754; x_wconf 69' lang='lat' dir='ltr'><strong>(zum</strong></span> <span class='ocrx_word' id='word_1_178' title='bbox 1804 1711 1953 1755; x_wconf 81' lang='lat' dir='ltr'><strong>timore</strong></span> 
     </span>
     <span class='ocr_line' id='line_1_25' title="bbox 402 1785 1951 1846; baseline 0.003 -18"><span class='ocrx_word' id='word_1_179' title='bbox 402 1785 542 1828; x_wconf 89' lang='lat' dir='ltr'><strong>divino</strong></span> <span class='ocrx_word' id='word_1_180' title='bbox 575 1786 628 1828; x_wconf 89' lang='lat' dir='ltr'><strong>ad</strong></span> <span class='ocrx_word' id='word_1_181' title='bbox 660 1786 790 1829; x_wconf 86' lang='lat' dir='ltr'><strong>altare</strong></span> <span class='ocrx_word' id='word_1_182' title='bbox 821 1787 1034 1841; x_wconf 86' lang='lat' dir='ltr'><strong>ingressus</strong></span> <span class='ocrx_word' id='word_1_183' title='bbox 1067 1790 1141 1829; x_wconf 89' lang='lat' dir='ltr'><strong>est.</strong></span> <span class='ocrx_word' id='word_1_184' title='bbox 1189 1786 1290 1830; x_wconf 92' lang='lat' dir='ltr'><strong>Post</strong></span> <span class='ocrx_word' id='word_1_185' title='bbox 1321 1787 1583 1841; x_wconf 85' lang='lat' dir='ltr'><strong>euangelium</strong></span> <span class='ocrx_word' id='word_1_186' title='bbox 1614 1801 1711 1831; x_wconf 91' lang='lat' dir='ltr'><strong>vero</strong></span> <span class='ocrx_word' id='word_1_187' title='bbox 1735 1801 1951 1846; x_wconf 85' lang='lat' dir='ltr'><strong>represen-</strong></span> 
     </span>
     <span class='ocr_line' id='line_1_26' title="bbox 400 1863 1953 1924; baseline 0.003 -19"><span class='ocrx_word' id='word_1_188' title='bbox 400 1865 512 1906; x_wconf 89' lang='lat' dir='ltr'><strong>tatus</strong></span> <span class='ocrx_word' id='word_1_189' title='bbox 543 1863 589 1905; x_wconf 93' lang='lat' dir='ltr'><strong>in</strong></span> <span class='ocrx_word' id='word_1_190' title='bbox 619 1863 831 1918; x_wconf 84' lang='lat' dir='ltr'><strong>gradibus,</strong></span> <span class='ocrx_word' id='word_1_191' title='bbox 863 1864 970 1906; x_wconf 91' lang='lat' dir='ltr'><strong>hanc</strong></span> <span class='ocrx_word' id='word_1_192' title='bbox 1001 1864 1204 1906; x_wconf 87' lang='lat' dir='ltr'><strong>sermonis</strong></span> <span class='ocrx_word' id='word_1_193' title='bbox 1235 1864 1361 1907; x_wconf 87' lang='lat' dir='ltr'><strong>telam</strong></span> <span class='ocrx_word' id='word_1_194' title='bbox 1384 1865 1543 1907; x_wconf 89' lang='lat' dir='ltr'><strong>orditus</strong></span> <span class='ocrx_word' id='word_1_195' title='bbox 1566 1868 1650 1908; x_wconf 87' lang='lat' dir='ltr'><strong>est:</strong></span> <span class='ocrx_word' id='word_1_196' title='bbox 1682 1867 1953 1924; x_wconf 71' lang='lat' dir='ltr'><strong>Prefulyore</strong></span> 
     </span>
     <span class='ocr_line' id='line_1_27' title="bbox 400 1939 1952 1999; baseline 0.003 -17"><span class='ocrx_word' id='word_1_197' title='bbox 400 1940 536 1995; x_wconf 83' lang='lat' dir='ltr'><strong>inquit</strong></span> <span class='ocrx_word' id='word_1_198' title='bbox 564 1943 611 1983; x_wconf 80' lang='lat' dir='ltr'><strong>in</strong></span> <span class='ocrx_word' id='word_1_199' title='bbox 642 1950 860 1998; x_wconf 74' lang='lat' dir='ltr'><strong>conspectu</strong></span> <span class='ocrx_word' id='word_1_200' title='bbox 892 1943 977 1983; x_wconf 75' lang='lat' dir='ltr'><strong>eius</strong></span> <span class='ocrx_word' id='word_1_201' title='bbox 1007 1943 1133 1984; x_wconf 74' lang='lat' dir='ltr'><strong>nubes</strong></span> <span class='ocrx_word' id='word_1_202' title='bbox 1165 1939 1454 1985; x_wconf 58' lang='lat' dir='ltr'><strong>transierunffi.</strong></span> <span class='ocrx_word' id='word_1_203' title='bbox 1501 1941 1752 1998; x_wconf 82' lang='lat' dir='ltr'><strong>chatisque</strong></span> <span class='ocrx_word' id='word_1_204' title='bbox 1781 1956 1952 1999; x_wconf 80' lang='lat' dir='ltr'><strong>parum-</strong></span> 
     </span>
     <span class='ocr_line' id='line_1_28' title="bbox 400 2017 1952 2074; baseline 0.003 -15"><span class='ocrx_word' id='word_1_205' title='bbox 400 2031 476 2074; x_wconf 90' lang='lat' dir='ltr'><strong>per</strong></span> <span class='ocrx_word' id='word_1_206' title='bbox 507 2017 637 2060; x_wconf 89' lang='lat' dir='ltr'><strong>oculis</strong></span> <span class='ocrx_word' id='word_1_207' title='bbox 669 2032 763 2060; x_wconf 90' lang='lat' dir='ltr'><strong>cum</strong></span> <span class='ocrx_word' id='word_1_208' title='bbox 794 2018 974 2072; x_wconf 72' lang='lat' dir='ltr'><strong>gemitu,</strong></span> <span class='ocrx_word' id='word_1_209' title='bbox 1007 2031 1053 2060; x_wconf 89' lang='lat' dir='ltr'><strong>ac</strong></span> <span class='ocrx_word' id='word_1_210' title='bbox 1084 2019 1119 2061; x_wconf 88' lang='lat' dir='ltr'><strong>si</strong></span> <span class='ocrx_word' id='word_1_211' title='bbox 1153 2032 1272 2061; x_wconf 91' lang='lat' dir='ltr'><strong>suum</strong></span> <span class='ocrx_word' id='word_1_212' title='bbox 1304 2019 1525 2062; x_wconf 88' lang='lat' dir='ltr'><strong>advocaret</strong></span> <span class='ocrx_word' id='word_1_213' title='bbox 1556 2020 1756 2074; x_wconf 80' lang='lat' dir='ltr'><strong>amicum,</strong></span> <span class='ocrx_word' id='word_1_214' title='bbox 1786 2034 1952 2064; x_wconf 89' lang='lat' dir='ltr'><strong>rursus-</strong></span> 
     </span>
     <span class='ocr_line' id='line_1_29' title="bbox 401 2094 1950 2150; baseline 0.002 -13"><span class='ocrx_word' id='word_1_215' title='bbox 401 2108 480 2150; x_wconf 93' lang='lat' dir='ltr'><strong>que</strong></span> <span class='ocrx_word' id='word_1_216' title='bbox 510 2095 555 2137; x_wconf 91' lang='lat' dir='ltr'><strong>in</strong></span> <span class='ocrx_word' id='word_1_217' title='bbox 586 2099 742 2145; x_wconf 85' lang='lat' dir='ltr'><strong>terram</strong></span> <span class='ocrx_word' id='word_1_218' title='bbox 774 2094 941 2149; x_wconf 81' lang='lat' dir='ltr'><strong>defixis,</strong></span> <span class='ocrx_word' id='word_1_219' title='bbox 974 2095 1121 2137; x_wconf 90' lang='lat' dir='ltr'><strong>humili</strong></span> <span class='ocrx_word' id='word_1_220' title='bbox 1153 2096 1297 2139; x_wconf 86' lang='lat' dir='ltr'><strong>habitu</strong></span> <span class='ocrx_word' id='word_1_221' title='bbox 1333 2100 1375 2138; x_wconf 90' lang='lat' dir='ltr'><strong>et</strong></span> <span class='ocrx_word' id='word_1_222' title='bbox 1402 2109 1501 2139; x_wconf 89' lang='lat' dir='ltr'><strong>voce</strong></span> <span class='ocrx_word' id='word_1_223' title='bbox 1530 2096 1763 2140; x_wconf 91' lang='lat' dir='ltr'><strong>humillima</strong></span> <span class='ocrx_word' id='word_1_224' title='bbox 1789 2097 1950 2141; x_wconf 84' lang='lat' dir='ltr'><strong>locutus</strong></span> 
     </span>
     <span class='ocr_line' id='line_1_30' title="bbox 401 2169 1948 2231; baseline 0.003 -17"><span class='ocrx_word' id='word_1_225' title='bbox 401 2175 464 2214; x_wconf 87' lang='lat' dir='ltr'><strong>est</strong></span> <span class='ocrx_word' id='word_1_226' title='bbox 493 2169 706 2228; x_wconf 75' lang='lat' dir='ltr'><strong>populis⁶z</strong></span> <span class='ocrx_word' id='word_1_227' title='bbox 742 2172 881 2229; x_wconf 75' lang='lat' dir='ltr'><strong>Super</strong></span> <span class='ocrx_word' id='word_1_228' title='bbox 910 2188 1094 2215; x_wconf 78' lang='lat' dir='ltr'><strong>sermone</strong></span> <span class='ocrx_word' id='word_1_229' title='bbox 1125 2173 1183 2215; x_wconf 86' lang='lat' dir='ltr'><strong>ait</strong></span> <span class='ocrx_word' id='word_1_230' title='bbox 1209 2174 1473 2230; x_wconf 70' lang='lat' dir='ltr'><strong>psalmiyrafi</strong></span> <span class='ocrx_word' id='word_1_231' title='bbox 1502 2175 1709 2217; x_wconf 73' lang='lat' dir='ltr'><strong>consultus</strong></span> <span class='ocrx_word' id='word_1_232' title='bbox 1736 2190 1861 2231; x_wconf 80' lang='lat' dir='ltr'><strong>preco</strong></span> <span class='ocrx_word' id='word_1_233' title='bbox 1882 2177 1948 2219; x_wconf 72' lang='lat' dir='ltr'><strong>di-</strong></span> 
     </span>
     <span class='ocr_line' id='line_1_31' title="bbox 399 2250 1951 2308; baseline 0.003 -17"><span class='ocrx_word' id='word_1_234' title='bbox 399 2251 521 2291; x_wconf 68' lang='lat' dir='ltr'><strong>vinus</strong></span> <span class='ocrx_word' id='word_1_235' title='bbox 543 2250 751 2292; x_wconf 74' lang='lat' dir='ltr'><strong>Iohannes</strong></span> <span class='ocrx_word' id='word_1_236' title='bbox 784 2251 1050 2306; x_wconf 61' lang='grc' dir='ltr'><strong>θααηρθῖίεια,</strong></span> <span class='ocrx_word' id='word_1_237' title='bbox 1085 2253 1200 2292; x_wconf 78' lang='lat' dir='ltr'><strong>cuius</strong></span> <span class='ocrx_word' id='word_1_238' title='bbox 1232 2252 1353 2293; x_wconf 70' lang='lat' dir='ltr'><strong>hodie</strong></span> <span class='ocrx_word' id='word_1_239' title='bbox 1370 2252 1490 2306; x_wconf 73' lang='lat' dir='ltr'><strong>festa</strong></span> <span class='ocrx_word' id='word_1_240' title='bbox 1519 2251 1690 2293; x_wconf 72' lang='lat' dir='ltr'><strong>colimus</strong></span> <span class='ocrx_word' id='word_1_241' title='bbox 1720 2267 1876 2308; x_wconf 76' lang='lat' dir='ltr'><strong>maqna</strong></span> <span class='ocrx_word' id='word_1_242' title='bbox 1901 2268 1951 2297; x_wconf 73' lang='lat' dir='ltr'><strong>esc</strong></span> 
     </span>
     <span class='ocr_line' id='line_1_32' title="bbox 395 2328 1949 2386; baseline 0.003 -18"><span class='ocrx_word' id='word_1_243' title='bbox 395 2336 519 2383; x_wconf 77' lang='lat' dir='ltr'><strong>parte</strong></span> <span class='ocrx_word' id='word_1_244' title='bbox 551 2358 680 2369; x_wconf 90' lang='grc'><strong>.....</strong></span> <span class='ocrx_word' id='word_1_245' title='bbox 713 2329 786 2370; x_wconf 71' lang='lat' dir='ltr'><strong>sed</strong></span> <span class='ocrx_word' id='word_1_246' title='bbox 815 2329 860 2369; x_wconf 76' lang='lat' dir='ltr'><strong>in</strong></span> <span class='ocrx_word' id='word_1_247' title='bbox 885 2328 991 2380; x_wconf 86' lang='lat' dir='ltr'><strong>Deo,</strong></span> <span class='ocrx_word' id='word_1_248' title='bbox 1025 2328 1112 2370; x_wconf 67' lang='lat' dir='ltr'><strong>Dei</strong></span> <span class='ocrx_word' id='word_1_249' title='bbox 1130 2329 1240 2382; x_wconf 77' lang='lat' dir='ltr'><strong>filio,</strong></span> <span class='ocrx_word' id='word_1_250' title='bbox 1273 2344 1402 2370; x_wconf 77' lang='lat' dir='ltr'><strong>uuum</strong></span> <span class='ocrx_word' id='word_1_251' title='bbox 1433 2330 1529 2381; x_wconf 70' lang='lat' dir='ltr'><strong>sint,</strong></span> <span class='ocrx_word' id='word_1_252' title='bbox 1561 2343 1655 2371; x_wconf 77' lang='lat' dir='ltr'><strong>vero</strong></span> <span class='ocrx_word' id='word_1_253' title='bbox 1685 2331 1949 2386; x_wconf 76' lang='lat' dir='ltr'><strong>participan-</strong></span> 
     </span>
     <span class='ocr_line' id='line_1_33' title="bbox 400 2403 1949 2461; baseline 0.003 -16"><span class='ocrx_word' id='word_1_254' title='bbox 400 2412 457 2446; x_wconf 74' lang='lat' dir='ltr'><strong>tes</strong></span> <span class='ocrx_word' id='word_1_255' title='bbox 488 2405 579 2446; x_wconf 75' lang='lat' dir='ltr'><strong>soli.</strong></span> <span class='ocrx_word' id='word_1_256' title='bbox 626 2403 770 2446; x_wconf 90' lang='lat' dir='ltr'><strong>Multis</strong></span> <span class='ocrx_word' id='word_1_257' title='bbox 801 2417 897 2458; x_wconf 86' lang='lat' dir='ltr'><strong>ergo</strong></span> <span class='ocrx_word' id='word_1_258' title='bbox 929 2404 1082 2447; x_wconf 85' lang='lat' dir='ltr'><strong>talibus</strong></span> <span class='ocrx_word' id='word_1_259' title='bbox 1114 2405 1344 2461; x_wconf 80' lang='lat' dir='ltr'><strong>disputans,</strong></span> <span class='ocrx_word' id='word_1_260' title='bbox 1376 2408 1596 2461; x_wconf 88' lang='lat' dir='ltr'><strong>postquam</strong></span> <span class='ocrx_word' id='word_1_261' title='bbox 1625 2418 1694 2448; x_wconf 89' lang='lat' dir='ltr'><strong>eos</strong></span> <span class='ocrx_word' id='word_1_262' title='bbox 1715 2419 1810 2449; x_wconf 86' lang='lat' dir='ltr'><strong>rore</strong></span> <span class='ocrx_word' id='word_1_263' title='bbox 1829 2419 1949 2450; x_wconf 88' lang='lat' dir='ltr'><strong>sanc-</strong></span> 
     </span>
     <span class='ocr_line' id='line_1_34' title="bbox 401 2481 1947 2538; baseline 0.003 -16"><span class='ocrx_word' id='word_1_264' title='bbox 401 2483 539 2523; x_wconf 90' lang='lat' dir='ltr'><strong>tarum</strong></span> <span class='ocrx_word' id='word_1_265' title='bbox 570 2481 873 2537; x_wconf 85' lang='lat' dir='ltr'><strong>scripturarum</strong></span> <span class='ocrx_word' id='word_1_266' title='bbox 902 2481 1098 2536; x_wconf 79' lang='lat' dir='ltr'><strong>perfudit,</strong></span> <span class='ocrx_word' id='word_1_267' title='bbox 1133 2482 1184 2524; x_wconf 90' lang='lat' dir='ltr'><strong>ad</strong></span> <span class='ocrx_word' id='word_1_268' title='bbox 1216 2482 1516 2525; x_wconf 86' lang='lat' dir='ltr'><strong>confessionem</strong></span> <span class='ocrx_word' id='word_1_269' title='bbox 1539 2482 1752 2538; x_wconf 80' lang='lat' dir='ltr'><strong>inducens,</strong></span> <span class='ocrx_word' id='word_1_270' title='bbox 1783 2483 1947 2526; x_wconf 86' lang='lat' dir='ltr'><strong>lavacro</strong></span> 
     </span>
     <span class='ocr_line' id='line_1_35' title="bbox 399 2557 1949 2616; baseline 0.002 -16"><span class='ocrx_word' id='word_1_271' title='bbox 399 2557 668 2600; x_wconf 87' lang='lat' dir='ltr'><strong>lacrimarum</strong></span> <span class='ocrx_word' id='word_1_272' title='bbox 708 2571 777 2601; x_wconf 88' lang='lat' dir='ltr'><strong>eos</strong></span> <span class='ocrx_word' id='word_1_273' title='bbox 807 2558 980 2611; x_wconf 80' lang='lat' dir='ltr'><strong>infudit3</strong></span> <span class='ocrx_word' id='word_1_274' title='bbox 1018 2563 1287 2615; x_wconf 87' lang='lat' dir='ltr'><strong>mactansque</strong></span> <span class='ocrx_word' id='word_1_275' title='bbox 1317 2559 1410 2602; x_wconf 87' lang='lat' dir='ltr'><strong>illos</strong></span> <span class='ocrx_word' id='word_1_276' title='bbox 1441 2559 1485 2602; x_wconf 93' lang='lat' dir='ltr'><strong>in</strong></span> <span class='ocrx_word' id='word_1_277' title='bbox 1516 2573 1590 2602; x_wconf 88' lang='lat' dir='ltr'><strong>ara</strong></span> <span class='ocrx_word' id='word_1_278' title='bbox 1620 2559 1820 2616; x_wconf 87' lang='lat' dir='ltr'><strong>spiritalis</strong></span> <span class='ocrx_word' id='word_1_279' title='bbox 1851 2573 1949 2603; x_wconf 91' lang='lat' dir='ltr'><strong>con-</strong></span> 
     </span>
     <span class='ocr_line' id='line_1_36' title="bbox 399 2634 1946 2692; baseline 0.002 -15"><span class='ocrx_word' id='word_1_280' title='bbox 399 2635 600 2689; x_wconf 81' lang='lat' dir='ltr'><strong>tricionis,</strong></span> <span class='ocrx_word' id='word_1_281' title='bbox 633 2635 783 2678; x_wconf 90' lang='lat' dir='ltr'><strong>obtulit</strong></span> <span class='ocrx_word' id='word_1_282' title='bbox 803 2634 891 2678; x_wconf 89' lang='lat' dir='ltr'><strong>Deo</strong></span> <span class='ocrx_word' id='word_1_283' title='bbox 923 2635 1207 2679; x_wconf 87' lang='lat' dir='ltr'><strong>holocaustum</strong></span> <span class='ocrx_word' id='word_1_284' title='bbox 1240 2636 1476 2679; x_wconf 88' lang='lat' dir='ltr'><strong>suavissimi</strong></span> <span class='ocrx_word' id='word_1_285' title='bbox 1501 2636 1653 2679; x_wconf 88' lang='lat' dir='ltr'><strong>odoris.</strong></span> <span class='ocrx_word' id='word_1_286' title='bbox 1746 2636 1815 2680; x_wconf 90' lang='lat' dir='ltr'><strong>Sic</strong></span> <span class='ocrx_word' id='word_1_287' title='bbox 1835 2650 1946 2692; x_wconf 85' lang='lat' dir='ltr'><strong>ergo,</strong></span> 
     </span>
     <span class='ocr_line' id='line_1_37' title="bbox 402 2711 1947 2770; baseline 0.002 -16"><span class='ocrx_word' id='word_1_288' title='bbox 402 2712 454 2753; x_wconf 89' lang='lat' dir='ltr'><strong>ad</strong></span> <span class='ocrx_word' id='word_1_289' title='bbox 492 2711 623 2755; x_wconf 91' lang='lat' dir='ltr'><strong>altare</strong></span> <span class='ocrx_word' id='word_1_290' title='bbox 660 2725 895 2767; x_wconf 82' lang='lat' dir='ltr'><strong>regressus,</strong></span> <span class='ocrx_word' id='word_1_291' title='bbox 936 2713 1121 2755; x_wconf 90' lang='lat' dir='ltr'><strong>omnium</strong></span> <span class='ocrx_word' id='word_1_292' title='bbox 1161 2727 1234 2756; x_wconf 91' lang='lat' dir='ltr'><strong>ora</strong></span> <span class='ocrx_word' id='word_1_293' title='bbox 1263 2713 1467 2756; x_wconf 86' lang='lat' dir='ltr'><strong>convertit</strong></span> <span class='ocrx_word' id='word_1_294' title='bbox 1494 2713 1539 2755; x_wconf 91' lang='lat' dir='ltr'><strong>in</strong></span> <span class='ocrx_word' id='word_1_295' title='bbox 1570 2717 1804 2770; x_wconf 86' lang='lat' dir='ltr'><strong>stuporem;</strong></span> <span class='ocrx_word' id='word_1_296' title='bbox 1846 2727 1947 2770; x_wconf 90' lang='lat' dir='ltr'><strong>quo-</strong></span> 
     </span>
    </p>
   </div>
   <div class='ocr_carea' id='block_1_6' title="bbox 399 2834 1947 2996">
    <p class='ocr_par' dir='ltr' id='par_1_6' title="bbox 399 2834 1947 2996">
     <span class='ocr_line' id='line_1_38' title="bbox 497 2834 1945 2881; baseline 0.001 -12"><span class='ocrx_word' id='word_1_297' title='bbox 497 2835 528 2869; x_wconf 89' lang='lat'><strong>1.</strong></span> <span class='ocrx_word' id='word_1_298' title='bbox 561 2834 606 2879; x_wconf 89' lang='grc' dir='ltr'><strong>Π,</strong></span> <span class='ocrx_word' id='word_1_299' title='bbox 634 2835 884 2870; x_wconf 85' lang='grc'><strong>1006-1047.</strong></span> <span class='ocrx_word' id='word_1_300' title='bbox 996 2835 1028 2870; x_wconf 83' lang='grc'><strong>2.</strong></span> <span class='ocrx_word' id='word_1_301' title='bbox 1061 2835 1167 2871; x_wconf 89' lang='lat' dir='ltr'><strong>Prov.</strong></span> <span class='ocrx_word' id='word_1_302' title='bbox 1186 2836 1241 2881; x_wconf 85' lang='lat'><strong>29,</strong></span> <span class='ocrx_word' id='word_1_303' title='bbox 1261 2836 1315 2870; x_wconf 94' lang='grc'><strong>11.</strong></span> <span class='ocrx_word' id='word_1_304' title='bbox 1426 2835 1458 2870; x_wconf 89' lang='grc'><strong>3.</strong></span> <span class='ocrx_word' id='word_1_305' title='bbox 1492 2835 1575 2871; x_wconf 84' lang='lat' dir='ltr'><strong>Isai.</strong></span> <span class='ocrx_word' id='word_1_306' title='bbox 1592 2836 1650 2881; x_wconf 83' lang='lat'><strong>42,</strong></span> <span class='ocrx_word' id='word_1_307' title='bbox 1667 2836 1701 2871; x_wconf 89' lang='lat'><strong>8.</strong></span> <span class='ocrx_word' id='word_1_308' title='bbox 1808 2836 1842 2871; x_wconf 89' lang='lat'><strong>4.</strong></span> <span class='ocrx_word' id='word_1_309' title='bbox 1875 2835 1945 2872; x_wconf 84' lang='lat' dir='ltr'><strong>Ga-</strong></span> 
     </span>
     <span class='ocr_line' id='line_1_39' title="bbox 399 2892 1947 2940; baseline 0.003 -14"><span class='ocrx_word' id='word_1_310' title='bbox 399 2892 461 2926; x_wconf 89' lang='lat' dir='ltr'><strong>lat.</strong></span> <span class='ocrx_word' id='word_1_311' title='bbox 480 2894 512 2937; x_wconf 81' lang='lat' dir='ltr'><strong>G,</strong></span> <span class='ocrx_word' id='word_1_312' title='bbox 530 2893 564 2927; x_wconf 84' lang='lat'><strong>5.</strong></span> <span class='ocrx_word' id='word_1_313' title='bbox 686 2894 719 2929; x_wconf 88' lang='grc'><strong>5.·</strong></span> <span class='ocrx_word' id='word_1_314' title='bbox 749 2894 809 2929; x_wconf 88' lang='lat' dir='ltr'><strong>Ps.</strong></span> <span class='ocrx_word' id='word_1_315' title='bbox 829 2895 884 2939; x_wconf 84' lang='lat'><strong>17,</strong></span> <span class='ocrx_word' id='word_1_316' title='bbox 904 2894 958 2928; x_wconf 88' lang='grc'><strong>13.</strong></span> <span class='ocrx_word' id='word_1_317' title='bbox 1080 2895 1112 2929; x_wconf 88' lang='grc'><strong>6.</strong></span> <span class='ocrx_word' id='word_1_318' title='bbox 1145 2895 1293 2939; x_wconf 88' lang='lat' dir='ltr'><strong>Longae</strong></span> <span class='ocrx_word' id='word_1_319' title='bbox 1325 2903 1418 2938; x_wconf 88' lang='lat' dir='ltr'><strong>quae</strong></span> <span class='ocrx_word' id='word_1_320' title='bbox 1447 2895 1611 2938; x_wconf 84' lang='lat' dir='ltr'><strong>sequitur</strong></span> <span class='ocrx_word' id='word_1_321' title='bbox 1634 2894 1806 2930; x_wconf 83' lang='lat' dir='ltr'><strong>orationis</strong></span> <span class='ocrx_word' id='word_1_322' title='bbox 1829 2895 1947 2940; x_wconf 79' lang='lat' dir='ltr'><strong>prima</strong></span> 
     </span>
     <span class='ocr_line' id='line_1_40' title="bbox 399 2951 1158 2996; baseline 0.005 -12"><span class='ocrx_word' id='word_1_323' title='bbox 399 2951 667 2996; x_wconf 85' lang='lat' dir='ltr'><strong>novissimaque</strong></span> <span class='ocrx_word' id='word_1_324' title='bbox 691 2952 805 2988; x_wconf 91' lang='lat' dir='ltr'><strong>verba</strong></span> <span class='ocrx_word' id='word_1_325' title='bbox 829 2953 955 2987; x_wconf 88' lang='lat' dir='ltr'><strong>afferre</strong></span> <span class='ocrx_word' id='word_1_326' title='bbox 980 2953 1068 2987; x_wconf 80' lang='lat' dir='ltr'><strong>satis</strong></span> <span class='ocrx_word' id='word_1_327' title='bbox 1093 2956 1158 2988; x_wconf 86' lang='lat' dir='ltr'><strong>est.</strong></span> 
     </span>
    </p>
   </div>
  </div>
 </body>
</html>
