2028 3380
132 689 173 708 'm
200 674 272 711 '⁴¹91'

338 702 711 794 nummus
754 739 840 794 DE
881 738 1146 794 SANCTO
1187 739 1477 796 SEVERO.

122 974 212 1033 De
240 986 378 1032 saneti
408 989 556 1034 Severi
584 992 773 1047 episcopi
799 990 1059 1033 Ravennatis
1089 992 1177 1033 vita
1209 993 1379 1048 eiusque
1410 993 1570 1035 ossibus
1591 994 1688 1036 Mo-

118 1069 312 1124 yuntiam
343 1076 382 1111 et
400 1067 654 1123 Erfordiam
684 1070 951 1125 transpositis
984 1069 1169 1111 libellum
1198 1085 1284 1112 non
1299 1085 1480 1127 prorsus
1501 1072 1690 1113 inutilem

113 1147 350 1203 posteriore
364 1145 526 1188 saeculi
538 1145 608 1188 IX
622 1147 813 1199 dimidio,
837 1161 887 1188 ac
901 1155 1003 1204 post
1022 1162 1181 1189 annum
1196 1148 1286 1190 858
1298 1144 1308 1163 ¹
1325 1149 1505 1204 quidem,
1531 1150 1589 1191 ad
1603 1149 1688 1191 Er-

121 1221 301 1266 lamin²
322 1224 548 1266 diaconum
572 1220 893 1281 Moquntinum³
915 1227 1030 1267 misit
1060 1225 1275 1281 Muto-lfus
1304 1227 1534 1283 presbyter,
1570 1242 1690 1283 quem

118 1302 526 1358 iiam-Moqvmtinae
555 1302 748 1344 ecclesiae
765 1303 910 1359 fuisse
939 1305 1121 1345 manime
1150 1304 1376 1346 verisimile
1407 1314 1466 1347 est
1475 1301 1500 1346 ⁴.
1548 1305 1690 1348 Huius

121 1379 314 1437 opusculi
339 1381 464 1437 prior
493 1381 620 1423 editio
653 1394 703 1422 em
734 1381 894 1422 duobus
927 1382 1138 1423 codicibus
1169 1382 1210 1424 U
1209 1382 1464 1425 ltraiectensi
1493 1392 1530 1426 et
1549 1384 1688 1426 Rudi-

120 1459 235 1500 censi
263 1455 510 1516 Compar-ata
542 1466 601 1501 est
630 1475 656 1500 a
678 1458 867 1501 Iohanne
887 1459 1101 1501 Bollando
1134 1474 1245 1502 anno
1267 1460 1385 1503 1658
1414 1463 1461 1502 in
1482 1461 1576 1504 Act.
1603 1462 1687 1506 SS.

119 1534 245 1579 Febr.
282 1534 332 1578 T.
356 1535 387 1578 I
406 1535 595 1579 88-91
629 1538 887 1593 repetitaque
922 1539 968 1579 in
999 1538 1139 1580 eodem
1171 1552 1293 1594 opere
1323 1540 1471 1582 iterato
1503 1540 1689 1583 Parisiis

121 1612 233 1658 anno
265 1614 395 1659 1863.
444 1613 634 1657 Codicem
672 1630 768 1657 vero
802 1613 1027 1657 Caesareae
1063 1615 1330 1658 bibliothecae
1360 1616 1689 1661 Vindobonensis

120 1688 211 1736 576
239 1690 374 1746 (Hist.
406 1693 500 1735 eccl.
530 1691 640 1755 145)
679 1693 1039 1736 membranaceum
1065 1694 1218 1748 forma
1263 1696 1474 1751 quadrata
1511 1712 1616 1739 saec.
1645 1697 1692 1739 X

120 1770 187 1813 vel
214 1770 291 1813 XI
316 1770 418 1826 (fob.
441 1769 667 1824 40—54)
698 1772 744 1813 in
781 1786 896 1814 meae
934 1773 1128 1814 editionis
1156 1774 1343 1829 ‚qratiam
1373 1774 1690 1830 diliyentissime

121 1848 330 1893 consuluit
359 1847 587 1891 Willebmue
620 1847 808 1892 Scherer.

239 1943 439 1988 Berolini
464 1945 496 1988 2
524 1944 674 1987 Nonas
707 1944 936 1988 Ianuarias
969 1945 1098 1988 1866.

241 2159 489 2204 Venerando
526 2160 649 2203 fratri
687 2163 811 2215 atque
849 2160 960 2203 ulnis
998 2173 1083 2203 non
1120 2159 1241 2204 fictae
1280 2162 1468 2205 caritatis
1505 2163 1688 2219 amplec-

121 2238 271 2281 tendo·
300 2237 467 2283 Erlario
506 2237 680 2281 diacono
715 2237 924 2282 Liutolfus
961 2238 1170 2295 presbiter
1199 2240 1410 2295 indignus.
1532 2239 1577 2284 Si
1609 2241 1687 2284 tibi

122 2316 344 2374 scripsero,
382 2315 636 2371 carissimam
670 2316 780 2372 quod
812 2317 865 2359 ad
897 2317 1080 2372 aliquam
1111 2317 1296 2374 pertinet
1325 2318 1566 2374 utilitatem,
1602 2319 1688 2362 for-

123 2394 235 2437 sitan
265 2397 480 2450 gratanter
511 2394 704 2451 accipies.
751 2394 896 2450 Neque
927 2395 1037 2437 enim
1066 2396 1256 2450 ingratus
1276 2396 1366 2439 fore
1387 2397 1559 2453 poteris,
1592 2410 1687 2439 cum

122 2475 166 2515 te
196 2470 248 2515 ab
280 2471 420 2528 aliquo
449 2485 588 2516 errore
610 2476 843 2515 correctum
864 2472 1041 2526 videris3
1073 2474 1110 2516 si
1130 2476 1271 2517 tamen
1293 2474 1415 2517 dictis
1436 2474 1541 2517 meis
1562 2473 1687 2518 fidem

123 2550 438 2594 accommodare
467 2550 662 2594 volueris.
712 2550 856 2605 Igitur,
889 2564 995 2606 quae
1025 2551 1069 2593 in
1102 2551 1224 2594 Italia
1254 2552 1416 2608 positus
1438 2552 1578 2607 didici,
1610 2552 1688 2596 tibi

122 2627 301 2684 legenda
331 2628 558 2683 destinavi3
592 2629 744 2672 obnixe
775 2628 1007 2685 postulans⁷
1038 2631 1086 2671 ut
1117 2642 1166 2671 ea
1196 2628 1393 2683 legend0⁰
1415 2630 1613 2686 corrigas,
1646 2634 1688 2674 et

221 2727 248 2748 a.
277 2717 505 2757 ampheo-tendo
527 2731 553 2748 c.
657 2719 686 2749 b.
716 2730 773 2748 om.
795 2730 821 2748 c.
925 2727 951 2748 c.
979 2718 1141 2756 relegendo
1162 2719 1210 2748 ed.

219 2776 251 2812 1.
283 2776 328 2812 V.
354 2775 467 2812 libelli
490 2776 639 2815 exitum.
761 2778 794 2812 2.
827 2776 889 2821 qui
914 2786 1010 2812 anno
1026 2777 1095 2812 858
1120 2776 1291 2822 reliquias
1316 2775 1352 2812 S.
1371 2776 1606 2813 Innocentiae
1622 2777 1685 2813 Er-

123 2833 278 2877 fordiam
301 2834 487 2874 transferri
510 2836 613 2872 vidit.
651 2837 695 2873 V.
714 2835 866 2872 ibidem:
896 2836 1018 2882 „sicut
1042 2836 1119 2881 ipse
1142 2836 1308 2872 vidisti“.
1405 2837 1438 2871 3.
1468 2839 1510 2871 ut
1535 2841 1688 2882 apparet

124 2905 171 2930 ex
193 2894 304 2931 libelli
327 2894 449 2931 verbis
473 2895 548 2930 his:
585 2896 727 2942 „Igitur
755 2895 902 2941 quando
926 2895 963 2930 in
988 2895 1180 2931 ecclesiam
1206 2896 1324 2932 sancti
1348 2895 1482 2932 Albani
1507 2906 1610 2932 orare
1634 2897 1686 2932 ire

123 2954 320 2991 voluefis“.
415 2955 450 2990 4.
476 2956 521 2992 V.
541 2953 636 2991 infra
658 2966 694 3001 p.
712 2955 800 2991 508:
829 2955 894 3001 „in
918 2955 1025 2990 istam
1044 2975 1087 2980 -—
1105 2955 1282 2991 translata
1306 2958 1391 2993 sunt
1414 2955 1640 3003 parrochiam
1653 2956 1683 2992 “.
