2028 3380
356 215 443 259 322
815 225 1064 258 musmomr.
1093 226 1395 259 MOGUNTINAE
1428 226 1446 257 5

142 326 330 364 825-829
354 320 547 365 voluntas
577 320 622 363 in
659 320 738 364 hoc
775 334 820 365 se
857 321 995 365 studio
1034 335 1198 378 semper
1237 321 1443 377 exercuit,
1483 323 1532 364 ut
1561 320 1718 365 Christi
1754 333 1910 366 nomen

354 397 603 442 clarificetur
640 398 821 442 coletur·
853 402 977 455 atque
1017 402 1180 443 ametur
1218 403 1259 443 et
1299 399 1386 442 eius
1426 399 1569 442 divina
1605 402 1792 456 potestas
1832 411 1911 456 per

353 475 610 519 fortitudinis
649 479 821 531 *vestrae
859 477 1136 520 constantiam
1174 476 1318 520 multis
1358 479 1567 519 terrarum
1603 476 1706 520 locis
1745 477 1910 520 innote-

354 553 468 596 scat?
499 552 618 596 Unde
650 556 693 597 et
721 553 1019 610 probatissima
1049 554 1283 599 sollicitudo
1315 557 1457 597 vestra
1485 553 1677 598 laborare
1707 567 1792 598 non
1821 566 1910 598 ces—

355 634 432 686 sat,
463 634 513 674 ut
543 630 716 675 ecclesia
737 630 893 675 Christi
924 632 1082 675 domini
1111 632 1245 675 nostri
1276 632 1535 675 custodiatur
1566 632 1771 676 adunetur
1789 644 1910 687 rega-

354 711 424 752 tur
462 711 631 752 tueatur
670 712 711 753 et
751 723 774 753 a
811 709 1065 767 perfidorum
1100 709 1301 752 doctrinis
1332 710 1583 754 intrinsecus
1613 712 1838 767 purgetur3
1866 712 1913 753 et

356 786 410 829 ad
446 786 526 830 hoc
565 787 748 830 studium
787 800 882 830 cum
920 800 1075 842 magna
1105 787 1324 830 devotione
1356 788 1458 830 satis
1489 787 1678 844 prumpti
1709 786 1912 831 exsistitis

356 864 408 907 ob
445 864 712 921 impetranda
749 865 939 921 praemia
975 865 1138 922 patriae
1170 865 1360 908 caelestis
1392 869 1435 909 et
1465 868 1658 909 aeternae
1688 864 1913 925 beatitudi—

356 942 436 985 nis.
499 942 658 985 Idcirco
700 942 888 997 domine,
930 943 1125 997 quoniam
1164 942 1267 986 talia
1298 943 1409 986 circa
1438 942 1519 986 Dei
1550 942 1744 986 ecclesias
1774 943 1912 998 agitis,

355 1019 485 1063 nolite
523 1019 712 1063 oblivisci
751 1019 1020 1063 ecclesiarum
1059 1020 1275 1077 plebisque
1313 1020 1358 1063 in
1389 1020 1611 1077 parrochia
1639 1023 1786 1064 nostra
1814 1033 1913 1064 con-

356 1097 608 1153 sistentium,
640 1111 693 1141 ne
724 1097 880 1140 diutius
902 1110 1048 1140 somno
1069 1100 1324 1154 torpescant,
1356 1101 1525 1154 pastore
1554 1101 1756 1142 carentes.
1804 1097 1913 1150 Qua-

356 1178 543 1232 propter,
576 1174 898 1218 clementissime
930 1174 1110 1230 domine,
1142 1189 1364 1231 precamur
1395 1189 1553 1231 omneS,
1584 1189 1806 1232 precamur
1826 1175 1914 1219 sin-

357 1252 458 1308 guli,
492 1253 611 1308 quasi
641 1252 916 1310 corporaliter
946 1252 1198 1296 dulcissimis
1228 1253 1402 1310 pedibus
1427 1253 1577 1296 vestris
1602 1253 1835 1310 provoluti:
1867 1257 1916 1297 ut

358 1333 583 1387 pastorem,
616 1344 740 1386 quem
770 1331 855 1373 iam
886 1329 1049 1386 pridem
1080 1333 1219 1374 vestra
1245 1331 1485 1386 largissima
1504 1331 1756 1374 concedente
1777 1330 1916 1386 gratia

357 1408 630 1464 suscepimus,
664 1407 842 1451 eundem
872 1407 1026 1450 iterum
1056 1421 1132 1464 pro
1156 1408 1373 1451 elimosina
1394 1411 1535 1451 vestra
1556 1408 1792 1465 suscepturi
1812 1421 1914 1463 gau-

357 1485 548 1539 deamus3
581 1488 629 1528 ut
658 1485 703 1527 in
733 1485 828 1542 ipsa
858 1485 969 1540 sede,
1002 1499 1129 1542 super
1161 1499 1242 1541 qua
1273 1499 1369 1529 eum
1399 1485 1726 1542 prudentissima
1746 1486 1913 1543 sapien-

356 1564 418 1606 tia
446 1566 589 1609 vestra
619 1563 842 1606 consedere
871 1563 983 1618 fecit,
1015 1563 1183 1606 domino
1205 1562 1370 1606 Christo
1403 1566 1444 1606 et
1474 1563 1628 1607 sanctis
1660 1563 1748 1607 eius
1777 1563 1913 1607 vobis-

359 1640 438 1697 que
478 1640 616 1683 valeat·
655 1641 883 1695 deservire;
932 1644 1134 1696 quatenus
1185 1644 1324 1684 vestra
1363 1641 1588 1684 miserante
1627 1640 1916 1684 misericordia

359 1718 536 1762 ecclesia
571 1719 707 1762 sancti
736 1718 908 1762 Martini
939 1719 1155 1774 sanctique
1180 1718 1335 1762 Albani
1366 1718 1564 1775 martyris
1593 1717 1749 1762 Christi
1782 1717 1834 1762 ab
1865 1731 1914 1762 eo

358 1796 531 1839 viduata
560 1809 644 1838 non
674 1795 768 1852 fiat,
801 1797 844 1839 in
877 1800 1053 1852 quorum
1083 1797 1240 1840 honore
1271 1799 1395 1852 atque
1427 1809 1588 1851 amore,
1621 1797 1728 1839 sicut
1758 1796 1915 1852 optime

359 1874 477 1916 novit
521 1874 764 1917 cautissima
810 1875 1018 1931 sapientia
1057 1878 1217 1930 vestra,
1263 1874 1381 1931 prius
1420 1887 1515 1917 eum
1552 1873 1610 1917 ibi
1650 1873 1914 1930 disposuistis

361 1949 495 1993 officio
526 1951 645 2006 fungi
677 1952 916 1995 sacerdotis.
967 1951 1129 1995 Scimus
1162 1952 1287 2007 enim,
1320 1965 1415 1995 eum
1449 1951 1563 1995 vobis
1595 1965 1686 1995 esse
1716 1951 1761 1993 in
1782 1950 1915 1994 omni-

360 2028 437 2071 bus
476 2027 642 2071 fidelem
682 2028 919 2072 benivolum
959 2029 1173 2072 humiliter
1211 2029 1442 2072 subiectum
1482 2028 1645 2084 riteque
1674 2027 1915 2083 benignum,

362 2109 403 2149 et
432 2105 478 2148 in
509 2119 556 2149 eo
588 2106 771 2150 maxime
802 2106 1061 2162 libenterque
1091 2106 1392 2161 laboraturum,
1426 2119 1506 2161 quo
1528 2105 1667 2149 valeat
1686 2105 1792 2149 bene
1811 2105 1915 2162 piis-

361 2184 469 2227 sima
507 2183 756 2227 excellentia
793 2187 934 2227 vestra
970 2184 1014 2226 in
1052 2184 1130 2227 hoc
1168 2187 1357 2240 tempore
1394 2183 1556 2226 inlaesa
1594 2183 1772 2227 existere
1801 2185 1844 2226 et
1871 2182 1917 2225 in

363 2265 533 2305 aeterna
570 2261 828 2305 beatitudine
867 2275 962 2304 cum
1002 2262 1157 2304 sanctis
1196 2260 1388 2304 omnibus
1425 2260 1685 2317 triumphata
1719 2261 1764 2303 in
1803 2259 1916 2303 caelo

363 2339 556 2394 gaudere.
620 2338 702 2382 Sed
740 2339 839 2394 quid
879 2338 1003 2394 digne
1032 2342 1178 2382 nostra
1209 2352 1260 2381 ex
1291 2341 1410 2394 parte
1440 2351 1662 2395 possumus
1694 2337 1918 2381 obtendere

363 2419 509 2460 contra
538 2417 852 2471 sagacissimam
883 2416 1133 2473 sapientiam
1164 2419 1369 2470 vestram,
1402 2415 1502 2458 dum
1532 2415 1671 2458 nullus
1702 2418 1790 2458 tam
1821 2415 1917 2458 doc-

362 2497 429 2537 tus
469 2498 638 2550 tamque
674 2495 849 2538 idoneus
879 2494 1103 2551 prudentia
1134 2493 1212 2548 sit,
1255 2506 1377 2548 quem
1408 2496 1549 2536 vestra
1578 2507 1662 2536 non
1692 2492 1919 2550 praecellat

361 2572 593 2615 industria?
623 2571 743 2615 Felix
773 2572 952 2629 populus
982 2571 1167 2626 felixque
1196 2570 1330 2613 omnis
1363 2570 1512 2625 clerus,
1544 2571 1615 2626 qui
1635 2570 1711 2613 tali
1729 2570 1919 2626 principe

363 2650 523 2704 regitur
553 2649 711 2705 talique
743 2650 959 2693 defensore
980 2649 1235 2704 gubernatur
1255 2647 1501 2704 protegitur.
1549 2647 1638 2690 Hoc
1657 2647 1785 2690 faciat
1803 2646 1918 2689 Deus

366 2730 407 2770 et
436 2727 515 2770 hoc
548 2727 691 2770 addat:
726 2730 929 2783 quatenus
960 2740 1045 2769 non
1076 2726 1209 2769 solum
1240 2725 1484 2780 magnitudo
1514 2724 1735 2781 potestatis
1755 2726 1919 2768 vestrae

365 2804 601 2861 principem
642 2818 716 2847 vos
756 2818 846 2847 esse
885 2803 1098 2858 ostendat,
1143 2802 1215 2846 sed
1255 2802 1382 2846 etiam
1421 2802 1623 2845 instantia
1660 2800 1919 2856 gubernandi

367 2881 513 2924 domus
544 2881 624 2925 Dei
660 2882 705 2924 in
742 2881 908 2925 laudem
947 2881 1081 2924 sancti
1120 2879 1300 2923 nominis
1333 2880 1421 2923 eius
1451 2882 1731 2936 protectorem
1762 2882 1803 2921 et
1833 2877 1919 2933 glo-

463 2985 490 3005 a.
518 2978 572 3005 sic.
