2028 3386
256 335 325 370 742

225 385 296 422 Apr.
310 384 347 413 21

377 224 460 266 128
707 233 741 263 s.
765 232 998 263 ΒΟΝῙῈΑΤΠ
1027 233 1085 262 ET
1115 232 1250 262 LULLI
1279 230 1528 261 EPISTOLAE
1559 229 1598 259 47

375 342 454 384 que
485 328 744 384 praefectus⁰
766 339 895 369 unum
926 325 1226 382 presbiterum3
1260 324 1330 379 qui
1357 322 1609 377 hominibuS‚
1640 324 1813 378 peccata
1833 334 1929 364 con-

373 404 608 458 fitentibus,
646 403 832 446 iudicare
873 405 915 445 et
951 402 1136 445 indicare
1174 400 1476 458 poenitentiam
1508 399 1681 455 possint.
1728 398 1815 441 Nec
1844 410 1930 440 non

376 485 417 524 et
457 481 550 523 illas
589 472 830 523 venationes
870 483 911 522 et
953 479 1163 522 silvaticas
1195 478 1437 533 vagationes
1469 490 1563 519 cum
1595 475 1766 519 canibus
1798 474 1930 518 omni—

374 543 462 600 bus
484 557 614 599 servis
642 556 723 600 Dei
752 556 1064 609 interdiximus3
1098 555 1305 609 similiter,
1336 558 1383 596 ut
1414 552 1676 610 acceptoresb
1709 555 1752 595 et
1781 551 1930 595 walco-

375 641 471 677 1166ο
503 647 587 676 11611
618 633 811 676 habeant.

494 710 766 753 Decrevimus
813 723 977 766 quoque
1022 709 1250 752 secundum
1260 708 1275 730 ‘¹
1323 710 1562 750 sanctorum
1609 711 1831 749 canones⁰t
1886 707 1934 747 ut

377 801 484 830 unus
507 788 681 843 quisque
703 787 922 843 presbiter,
954 788 999 829 in
1020 786 1242 843 parrochia
1265 785 1473 839 habitam,
1506 784 1701 840 episcopo
1724 782 1933 825 subiectus

377 864 433 907 sit
462 864 538 919 illi,
569 864 614 906 in
644 864 760 906 cuius
791 863 1013 920 parrochia
1043 863 1214 906 habitet.
1263 863 1319 905 Et
1345 874 1509 918 semper
1529 861 1574 903 in
1595 858 1934 915 quadragesima‘

376 941 583 984 rationem
622 943 664 984 et
700 940 889 983 ordinem
919 940 1142 983 ministerii
1174 940 1258 994 sui,
1299 939 1387 982 sive
1418 939 1469 981 de
1500 937 1735 994 baptismo⁸
1765 937 1853 979 sive
1883 936 1934 979 de

377 1017 458 1061 fide
495 1018 697 1061 catholica
733 1017 821 1060 sive
860 1018 910 1060 de
948 1018 1141 1073 precibus
1178 1021 1221 1060 et
1260 1017 1404 1059 ordine
1436 1014 1698 1069 missarumh,
1738 1014 1934 1070 episcopo

377 1095 527 1138 reddat
563 1098 604 1138 et
635 1094 838 1137 ostendat.
885 1094 942 1137 Et
972 1094 1316 1149 quandocumque
1346 1092 1453 1135 iurei
1483 1092 1682 1134 canonico
1715 1091 1934 1147 episcopus

379 1173 605 1215 circumeat
635 1171 899 1228 parrochiam
919 1171 1094 1228 populos
1117 1171 1171 1214 ad
1192 1169 1511 1223 confirmandos,
1542 1168 1749 1224 presbiter
1771 1181 1936 1224 semper

379 1254 552 1306 paratus
592 1249 647 1291 sit
685 1249 738 1291 ad
776 1248 1087 1304 suscipiendum
1119 1248 1361 1304 episcopum
1392 1260 1487 1289 cum
1518 1245 1761 1288 collectione
1791 1248 1833 1288 et
1864 1244 1936 1287 ad-

379 1326 532 1368 iutorio
572 1325 736 1381 populi,
782 1325 853 1380 qui
890 1325 950 1368 ibi
986 1324 1225 1367 confirmari
1263 1324 1397 1367 debet.
1451 1322 1508 1365 Et
1543 1322 1588 1364 in
1626 1335 1729 1364 cena
1766 1321 1937 1364 Domini

380 1416 546 1459 semper
575 1416 730 1444 novum
755 1401 932 1445 crismak
954 1401 1006 1444 ab
1036 1402 1231 1458 episcopo
1255 1404 1439 1457 quaerat,
1471 1402 1518 1442 ut
1540 1398 1798 1455 episcopum¹
1819 1398 1937 1441 testis

381 1480 557 1522 adsistat
587 1479 792 1522 castitatis
825 1482 866 1522 et
896 1479 1007 1521 vitae
1038 1482 1080 1521 et
1108 1477 1207 1521 fidei
1239 1481 1280 1521 et
1310 1477 1522 1520 doctrinae
1553 1476 1678 1519 illius.

503 1556 755 1599 Statuimus:
788 1558 835 1598 ut
866 1555 1093 1598 secundum
1121 1555 1363 1598 canonicam
1386 1554 1624 1597 cautelamm
1646 1566 1789 1596 omnes
1809 1552 1938 1595 unde-

381 1647 557 1688 cumque
602 1632 942 1689 supervenientes
982 1633 1147 1687 ignotos
1188 1632 1403 1688 episcopos
1443 1630 1510 1674 vel
1550 1630 1803 1687 presbiteros
1843 1632 1938 1672 ante

380 1711 671 1768 probationem
708 1709 952 1766 synodalem
982 1710 1026 1752 in
1058 1709 1384 1753 ecclesiasticum
1415 1707 1720 1751 ministeriumn
1751 1720 1835 1750 non
1867 1706 1939 1749 ad-

382 1788 657 1830 mitteremus.

500 1863 792 1906 Decrevimus:
829 1866 877 1906 ut
907 1862 1134 1906 secundum
1165 1875 1343 1905 canones
1374 1875 1481 1903 unus
1514 1861 1688 1916 quisque
1720 1861 1939 1917 episcopus

383 1941 426 1983 in
459 1954 534 1983 sua
564 1940 785 1996 parrochia
815 1939 1140 1983 sollicitudinem
1169 1939 1375 1994 adhibeat,
1409 1939 1631 1982 adiuvante
1652 1938 1848 1993 gravione
1870 1938 1941 1993 qui

385 2018 578 2061 defensor
609 2017 807 2060 ecclesiae
839 2020 915 2071 est,
952 2020 1000 2059 ut
1029 2016 1208 2072 populus
1239 2016 1320 2059 Dei
1350 2016 1552 2072 paganias
1583 2029 1668 2058 non
1697 2015 1836 2069 faciat,
1869 2014 1941 2057 sed

384 2098 432 2137 ut
471 2108 614 2137 omnes
655 2094 877 2150 spurcitias
918 2092 1163 2147 gentilitatis
1202 2092 1353 2135 abiciat
1385 2096 1426 2135 et
1454 2095 1637 2148 respuat.
1687 2091 1783 2134 Sive
1814 2092 1941 2134 sacri-

384 2171 480 2215 ficia
521 2175 781 2214 mortuorum
827 2170 914 2213 sive
962 2169 1181 2224 sortilegos
1228 2169 1296 2212 vel
1335 2170 1498 2212 divinos
1537 2169 1624 2212 sive
1661 2168 1863 2211 filacteria
1902 2171 1943 2211 et

388 2249 563 2303 auguria
608 2249 695 2291 sive
740 2247 1043 2290 incantationes
1090 2247 1178 2289 sive
1224 2246 1381 2289 hostias
1427 2246 1719 2288 immolaticias
1751 2270 1806 2276 —-
1839 2259 1942 2301 quas

388 2326 506 2369 stulti
542 2325 732 2368 homines
769 2325 887 2366 iuxta
926 2323 1120 2367 ecclesias
1158 2323 1243 2365 ritu
1280 2337 1443 2379 pagano
1479 2322 1639 2365 faciunt
1669 2322 1744 2366 sub
1774 2322 1942 2365 nomine

389 2407 627 2446 sanctorum
665 2406 898 2457 martyrum
934 2401 1002 2443 vel
1040 2400 1344 2454 confessorum,
1385 2399 1521 2443 Deum
1561 2403 1603 2442 et
1641 2413 1736 2442 suos
1776 2402 1942 2442 sanctos

390 2480 443 2523 ad
477 2479 736 2523 iracundiam
769 2481 1042 2534 provocantes
1075 2501 1128 2506 -—
1163 2477 1251 2520 sive
1282 2477 1375 2519 illos
1408 2476 1630 2531 sacrilegos
1659 2477 1799 2530 ignes,
1840 2489 1941 2531 quos

388 2553 623 2600 1116111661οι
647 2558 810 2609 vocant,
841 2555 928 2597 sive
951 2568 1106 2609 omnes,
1140 2566 1422 2609 quaecumque
1448 2557 1557 2609 sunt,
1588 2566 1848 2609 paganorum
1871 2552 1941 2595 ob-

390 2634 646 2676 servationes
679 2632 921 2686 diligenter¹²
952 2631 1211 2688 prohibeant.

488 2725 513 2744 a.
543 2715 696 2753 perfectus
725 2717 770 2744 M.
879 2714 908 2743 b.
939 2725 1011 2743 corr.
1036 2716 1065 2743 in
1093 2713 1251 2751 accipitres
1283 2714 1315 2742 C.
1426 2722 1450 2742 6.
1479 2713 1612 2742 falcones
1644 2714 1676 2742 C.
1780 2711 1808 2741 d.
1837 2720 1942 2741 secun-

392 2767 461 2796 dum
485 2769 604 2797 addidi.
639 2770 686 2804 Cf.
710 2770 802 2804 infra.
897 2776 922 2796 e.
950 2766 1109 2804 sequentes
1132 2766 1197 2794 alia
1219 2776 1308 2794 manu
1329 2767 1556 2803 superscriptum
1579 2771 1622 2795 est
1643 2766 1672 2794 in
1696 2766 1730 2795 C.
1822 2764 1843 2794 f.
1871 2773 1942 2802 qua-

392 2820 571 2856 dragissima
597 2821 630 2849 V.
715 2829 742 2857 g.
770 2820 947 2858 baptissimo
974 2820 1009 2849 V.
1092 2818 1122 2847 h.
1147 2817 1290 2846 misarum
1315 2818 1350 2847 V.
1430 2818 1453 2847 i.
1479 2818 1561 2847 iurae
1585 2820 1629 2847 M.
1711 2817 1741 2846 k.
1763 2816 1876 2846 krisma
1899 2819 1943 2845 M.

391 2872 411 2901 l.
441 2884 513 2900 corr.
536 2874 563 2901 in
588 2872 747 2910 episcopus
771 2874 844 2903 MC.
927 2881 966 2901 m.
994 2870 1151 2901 cautellam
1177 2871 1212 2900 V.
1295 2880 1324 2899 11.
1354 2870 1561 2908 minysterium
1585 2872 1628 2899 M.
1713 2878 1740 2898 o.
1768 2863 1883 2898 niedfres
1909 2870 1942 2904 C,

391 2924 462 2954 nied
484 2923 527 2953 ffs
554 2925 589 2954 V.
693 2933 723 2962 p.
753 2925 913 2962 diligentes
937 2924 1012 2954 MV.

488 2976 520 3010 1.
553 2973 608 3011 Os.
634 2974 772 3011 Grimm
797 2975 981 3010 Deutsche
1006 2974 1227 3020 Mythologie
1253 2973 1323 3018 (ed.
1349 2974 1471 3018 tertia)
1495 2974 1513 3009 I
1530 2974 1609 3010 570.
