2028 3386
188 326 271 359 ante
289 324 357 360 706

385 219 441 262 36
725 228 758 258 S.
783 227 1016 258 BONIFATII
1046 228 1104 257 ET
1134 228 1268 258 LULLI
1298 227 1545 259 EPISTOLAE
1580 228 1597 258 5

501 322 665 366 Aestivi
694 320 823 376 igitur
849 320 1051 376 temporis
1073 333 1209 376 cursu,
1243 334 1327 376 quo·
1344 321 1545 363 inmensis
1564 319 1755 364 feralium
1775 320 1933 377 passim

382 399 722 454 congressionum
754 395 1087 452 expeditionibus
1119 397 1221 440 haec
1259 397 1496 440 miserrima
1532 397 1671 453 patria
1705 396 1936 452 lugubriter

381 476 540 519 invidia
570 474 794 518 vastatrice
825 472 1080 516 deformatur
1090 481 1117 528 ⁰,
1149 477 1286 517 tecum
1317 474 1481 529 legendi
1508 473 1645 516 studio
1667 476 1934 517 conversatus

380 552 639 596 demorabar.
703 550 810 592 Tum
839 550 962 604 mihi,
1000 550 1099 593 licet
1133 551 1325 605 indigno,
1358 554 1454 594 tuae
1489 549 1759 593 beatitudinis
1796 563 1934 594 sacro-

381 632 526 672 sancta
556 628 761 682 sagacitas
795 650 849 655 —-
882 626 1073 670 omnibus
1105 630 1152 669 ut
1181 640 1276 670 reor
1313 627 1613 683 propemodum
1644 627 1934 683 pannagericis

379 709 466 748 tam
489 705 778 759 saecularium,
804 703 1035 746 litterariae
1056 703 1320 746 verbositatis
1342 704 1536 746 facundia
1557 704 1776 759 editorum,
1809 717 1933 760 quam

381 782 507 826 etiam
545 781 819 837 spiritalium,
863 779 1160 823 aecclesiastici
1200 780 1406 835 dogmatis
1448 780 1543 823 stilo
1582 780 1932 836 elucubratorum,

378 857 645 915 plenissimeb
690 856 950 900 voluminum
997 857 1162 912 scriptis
1209 858 1355 900 inbuta
1401 883 1455 888 —
1504 871 1654 901 arcana
1697 856 1933 901 liberalium

375 935 614 979 litterarum
645 934 796 988 studia,
829 933 971 989 opacis
1002 933 1222 976 dumtaxat
1252 934 1533 977 misteriorum
1562 934 1754 977 secretis⁰
1775 934 1933 989 ignaris

377 1012 608 1068 quibusque
646 1009 855 1053 mentibus
887 1009 1137 1064 obsti-uetad,
1176 1010 1369 1066 abrepto⁰
1401 1010 1596 1067 propere‘
1627 1011 1787 1067 spissae
1817 1010 1934 1054 stoli-

376 1089 519 1131 ditatis
557 1087 810 1141 velaminess,
849 1086 1105 1142 patefaciens
1144 1086 1421 1142 liquidissime
1458 1087 1712 1143 propalarat.
1775 1086 1933 1138 Quibus

377 1165 429 1208 ad
459 1165 670 1219 integrum
701 1163 970 1206 exuberantis
1000 1162 1157 1216 ingenii
1189 1163 1348 1220 aepulis
1387 1164 1655 1207 ambronibus
1696 1163 1933 1207 siticulosae

375 1240 685 1295 intellegentiae
715 1239 904 1282 faucibus
937 1239 1056 1282 avide
1088 1239 1340 1296 absumptis,
1373 1254 1510 1283 meam
1542 1241 1676 1284 adhuc
1706 1240 1932 1297 pallentem

373 1317 628 1361 hebitudinis
660 1316 838 1359 maciem
867 1316 1102 1369 largissime
1130 1316 1280 1359 blande
1302 1317 1538 1372 sponsionis
1560 1317 1791 1373 epimenia*¹
1814 1315 1933 1360 afflu-

375 1398 491 1438 enter
511 1392 779 1445 refocilabat;
804 1392 1060 1448 pollicitans:
1092 1393 1205 1434 omni
1225 1406 1292 1436 me
1314 1393 1546 1436 desiderate
1566 1394 1755 1437 lectionis
1776 1394 1931 1436 instru-

376 1474 530 1526 mento,
564 1483 644 1525 quo
676 1469 942 1525 potissimum
973 1482 1091 1511 meae
1121 1469 1421 1513 mediocritatis
1452 1470 1704 1513 industriam
1735 1471 1837 1513 satis
1867 1471 1930 1513 in-

377 1548 562 1590 hiantem
603 1546 838 1600 agnoverit,
885 1545 1062 1588 libenter
1102 1545 1336 1588 educandoi
1378 1547 1550 1590 inbuere
1563 1546 1591 1589 k.
1655 1546 1930 1603 Quapropter,

374 1625 434 1667 mi
469 1622 756 1666 amantissime
786 1627 918 1677 purae
948 1622 1222 1665 institutionis
1254 1626 1495 1679 preceptor,
1533 1626 1736 1679 quatenus
1768 1623 1931 1667 effectu¹

374 1701 652 1755 consequente
698 1698 823 1741 fidem
871 1698 1091 1741 verborum
1139 1699 1240 1742 haut
1278 1699 1499 1743 difficulter
1538 1700 1757 1755 adhibeas,
1806 1713 1931 1757 opere

373 1777 556 1834 pretium
587 1788 824 1828 censemus3
864 1774 1017 1817 talibus
1050 1789 1192 1833 sacrae
1224 1776 1456 1832 scripturae
1487 1777 1665 1819 oraculis
1695 1777 1930 1820 instimula-

374 1857 463 1896 tus:
504 1853 596 1895 Fili
624 1855 697 1905 mi,
731 1854 770 1893 si
799 1854 1074 1909 spoponderis
1099 1868 1183 1908 pro
1215 1855 1348 1895 amico
1381 1862 1470 1905 tuo,
1504 1854 1685 1908 defi-xisti
1712 1855 1830 1910 apud
1859 1869 1928 1897 ex-

375 1940 564 1973 traneum
600 1943 771 1970 manum
810 1937 924 1971 tuam
931 1944 945 1978 ,·
983 1929 1246 1984 inlaqueatus
1279 1945 1318 1971 es
1349 1930 1483 1972 verbis
1516 1932 1600 1972 oris
1631 1927 1726 1972 itm*⁸
1787 1929 1928 1973 Etiam

375 2007 480 2061 dico,
514 2005 550 2047 si
580 2004 705 2047 nullis
738 2007 778 2047 te
809 2004 1029 2060 capacibus
1061 2004 1222 2060 prolate
1251 2005 1540 2061 promissionis
1571 2006 1811 2050 retinaculis
1832 2020 1928 2063 per-

374 2083 545 2139 plexum
584 2081 899 2135 involutumque
937 2081 1241 2136 reminisceris,
1291 2085 1431 2125 tamen
1466 2106 1519 2111 —
1552 2095 1647 2125 cum
1685 2086 1840 2126 memet
1877 2083 1928 2126 ab

374 2159 478 2216 ipsis
510 2158 735 2201 tenerrime
767 2156 983 2200 cunabulis
1014 2157 1238 2213 infantiae,
1270 2158 1446 2201 fovendo
1479 2159 1656 2202 amando
1685 2159 1927 2216 pedetemp-

373 2236 534 2291 timque
560 2234 868 2277 delicatioribus
890 2233 1098 2282 sollertiae
1120 2234 1223 2277 cibis
1243 2234 1481 2290 recreando,
1514 2235 1568 2278 ad
1589 2238 1778 2290 vegetam
1797 2249 1928 2291 usque

373 2312 637 2369 pubertatem
665 2311 895 2367 provexisti
917 2336 971 2340 -—
994 2311 1167 2365 dignum
1188 2311 1240 2353 ab
1262 2311 1453 2354 omnibus
1475 2325 1600 2355 sanae
1620 2312 1928 2367 intellegentiae

376 2402 466 2431 esse
504 2387 731 2430 iudicatur:
773 2390 975 2442 quatenus
1015 2388 1259 2430 confotum¹¹¹
1298 2388 1382 2430 iam
1421 2388 1575 2444 pabulo
1614 2388 1834 2432 tenerioris
1863 2389 1927 2431 in—

374 2464 486 2519 genii
518 2463 631 2506 alas¹¹
661 2464 758 2506 vino
790 2464 1007 2507 solidiore⁰
1030 2477 1192 2520 quoque
1215 2464 1496 2520 profundioris
1522 2465 1739 2521 sophiae1‘3
1771 2468 1926 2520 tamen,

376 2541 412 2583 si
448 2540 684 2583 humillima
714 2540 923 2584 subiectae
955 2540 1186 2583 devotionis
1217 2541 1418 2583 instantia
1454 2541 1698 2597 inportune*¹
1730 2542 1927 2584 insistens

376 2617 555 2673 expetit,
595 2617 770 2660 adfatim
811 2617 957 2660 alendo
990 2617 1134 2674 epulas
1164 2617 1392 2673 inpendere
1422 2631 1506 2660 non
1537 2618 1736 2673 deneges,
1778 2631 1927 2673 meque

478 2725 504 2745 a.
533 2716 700 2746 defamatur
724 2718 759 2747 V.
873 2717 902 2747 b.
931 2717 1124 2756 plenissimae
1149 2717 1183 2746 V.
1302 2725 1326 2745 c.
1355 2718 1489 2746 secretus
1514 2718 1549 2747 V.
1665 2718 1694 2747 d.
1728 2717 1868 2746 obstrusa
1891 2718 1926 2747 V.

377 2778 402 2797 e.
429 2768 552 2806 abrepta
577 2769 611 2799 V.
695 2769 716 2798 f.
738 2778 866 2808 prepore
891 2771 924 2800 V.
1011 2778 1038 2806 g.
1059 2769 1223 2798 velaminae
1249 2770 1283 2798 V.
1366 2769 1396 2798 h.
1418 2771 1463 2800 sic
1483 2781 1540 2808 pro
1562 2770 1728 2808 cpimeniis.
1813 2770 1832 2799 i.
1855 2769 1926 2799 edo-

377 2820 472 2849 cando
498 2822 533 2851 V.
616 2821 645 2850 k.
673 2822 811 2851 inbueret
835 2823 870 2852 V.
954 2822 973 2851 l.
1003 2821 1111 2851 affectu
1135 2823 1170 2852 V.
1253 2830 1292 2851 m.
1318 2821 1438 2851 confoto
1464 2823 1498 2851 V.
1582 2832 1610 2852 n.
1633 2822 1661 2851 al
1686 2823 1720 2852 V.
1805 2831 1833 2851 ο.
1855 2821 1926 2851 soli-

377 2872 477 2902 diores
502 2873 539 2902 V.
641 2882 671 2911 p.
699 2874 812 2912 sophae
838 2876 872 2905 V.
977 2883 1006 2912 q.
1034 2874 1210 2912 inportunae
1236 2874 1270 2903 V.

475 2936 505 2970 1.
538 2935 643 2970 Prov.
666 2937 698 2980 6,
716 2937 747 2971 1.
766 2937 799 2971 2.
