2028 3380
399 218 488 262 350
813 230 1060 262 Ems'romn·
1089 231 1390 263 MOGUN'rmAE
1421 232 1470 262 18.
1493 232 1531 261 19

304 329 373 365 955
398 324 492 381 plus
526 323 661 367 valeat
689 324 933 368 intercessio
962 326 1164 382 pecuniae
1183 326 1426 382 Hadamari,
1459 338 1584 382 quam
1611 327 1684 384 pia
1703 327 1945 371 constitutio

227 1106 297 1141 955
314 1116 370 1141 ex.

399 401 534 444 sancti
562 400 788 456 Bonifacii,
819 402 952 445 nostri
981 403 1300 460 predecessoris,
1336 406 1651 459 vestrorumque
1680 404 1946 461 predecesso-

397 491 491 520 rum
520 490 598 521 nec
627 491 712 521 non
743 481 1051 523 antecessorum
1082 481 1207 524 etiam
1238 483 1496 535 nostrorum,
1538 484 1580 524 et
1611 481 1696 524 sint
1723 484 1788 526 tot
1816 481 1947 539 pallia

398 557 500 610 quot
536 555 742 612 episcopi3
781 556 855 600 sed
891 557 955 613 id,
992 570 1075 600 non
1111 571 1179 602 me
1215 558 1382 615 presule
1411 557 1536 602 fidem
1567 558 1946 615 subiectionemque

397 632 516 676 vobis
545 632 758 689 prebente.

403 773 482 820 19.
512 775 719 819 Iohannes
758 776 859 819 XII
894 792 1013 834 papa
1054 777 1299 821 Willihelmo
1343 779 1654 835 archiepiscopo
1694 779 1944 836 Moquntino

515 854 741 910 siynffioat,
790 856 877 897 eius
924 856 982 897 ad
1017 854 1253 912 Ayapitum
1299 856 1457 899 litteras
1501 856 1584 898 sibi
1624 857 1811 900 redditas
1848 871 1944 900 esse.

515 931 713 974 Miserias
758 933 845 974 eius
892 933 1003 975 dolet
1045 947 1216 990 eumque
1251 934 1309 975 ad
1347 934 1653 990 oppuqnandos
1689 942 1946 978 contumaces

516 1009 730 1051 hortatur⁰
743 1005 766 1050 ¹.

444 1095 481 1150 >P
510 1096 713 1140 Iohannes
750 1097 968 1154 episcopus
1006 1110 1150 1141 servus
1181 1112 1397 1142 servorum
1427 1098 1508 1142 Dei
1537 1099 1948 1158 reverentissimosset

396 1173 612 1217 carissimo
653 1174 854 1217 confratri
883 1173 1139 1218 Willihelmo
1175 1175 1486 1233 archiepiscopo
1517 1179 1686 1221 sanctae
1714 1175 1948 1232 Mogontia—

395 1251 530 1295 censis
561 1252 797 1295 aecclesiae.

510 1328 706 1383 Litteras,
740 1342 842 1384 quas
874 1332 1041 1373 sanctae
1071 1331 1297 1374 memoriae
1326 1331 1510 1387 Agapito
1541 1345 1677 1388 papae
1705 1334 1847 1375 vestra
1876 1330 1946 1375 de-

395 1406 568 1449 stinavit
603 1406 867 1462 fraternitas,
909 1407 1142 1463 suscepisse
1179 1409 1438 1464 cognoscite,
1480 1422 1603 1464 quem
1634 1408 1776 1452 divina
1806 1408 1948 1452 omnia

395 1483 620 1540 disponens
650 1483 839 1540 potentia
867 1484 912 1526 in
945 1484 1217 1540 apostolicam
1248 1485 1390 1529 sedem
1422 1499 1470 1529 00
1497 1486 1702 1529 moriente
1723 1486 1945 1542 ordinavit,

394 1574 478 1603 non
515 1560 670 1603 nostris
707 1561 868 1604 meritis
908 1561 981 1604 sed
1019 1562 1107 1605 eius
1144 1562 1433 1605 misericordia
1462 1575 1537 1604 nos
1567 1563 1883 1619 praeveniente,
1921 1577 1947 1607 a

393 1651 475 1693 quo
506 1641 604 1681 sunt
633 1641 782 1681 cuncta
820 1651 926 1693 quae
964 1642 1081 1693 sunt;
1121 1639 1220 1695 quia
1255 1639 1361 1682 nihil
1396 1639 1441 1682 in
1479 1639 1579 1683 orbe
1619 1640 1687 1695 agi
1724 1640 1945 1696 credimus,

393 1715 476 1758 nisi
506 1715 616 1771 quod
647 1719 719 1759 aut
747 1714 853 1758 velle
885 1719 957 1758 aut
986 1729 1191 1759 consensu
1222 1717 1310 1759 eius
1340 1717 1498 1760 factum
1527 1716 1666 1760 fuerit.
1782 1717 1946 1762 Miseri·

394 1806 514 1835 arum
559 1793 714 1849 quippe
753 1795 877 1848 atque
916 1792 1186 1836 afflictionum
1226 1794 1407 1837 iacturas
1445 1794 1734 1851 malorumque
1771 1794 1946 1839 insidias

391 1869 628 1924 hominum,
669 1870 741 1925 qui
781 1873 1021 1914 sanctarum
1051 1870 1132 1914 Dei
1172 1871 1465 1915 aecclesiarum
1505 1876 1548 1916 et
1583 1886 1749 1916 omnem
1779 1875 1946 1930 pertur-

392 1946 495 1990 bant
526 1947 714 1990 ordinem
746 1950 869 2003 atque
908 1951 1084 2002 statum,
1126 1948 1406 2003 condoluisse3
1446 1949 1555 1992 sicut
1592 1950 1821 2007 apostolica
1850 1963 1945 1994 cen-

394 2037 493 2067 sura
522 2024 727 2067 decrevit:
767 2027 950 2081 qaudere
981 2041 1073 2068 cum
1101 2027 1377 2082 qaudentibus
1409 2036 1447 2070 et
1476 2042 1568 2069 cum
1586 2028 1784 2084 flentibus
1803 2024 1944 2084 flere².

395 2101 539 2144 Totius
569 2100 750 2157 namque
779 2102 1096 2146 christianitatis
1129 2107 1224 2158 post
1249 2103 1386 2146 Deum
1417 2107 1544 2160 caput
1574 2103 1722 2159 effecti,
1753 2118 1839 2148 non
1870 2104 1945 2148 ali-

395 2192 475 2234 quo
505 2179 725 2235 privilegio
755 2179 936 2222 humano
968 2180 1040 2223 sed
1071 2193 1170 2223 voce
1199 2180 1332 2237 ipsius
1354 2180 1523 2223 Domini
1552 2181 1674 2224 beato
1694 2181 1818 2225 Petro
1846 2195 1945 2239 apo-

394 2256 521 2311 stolo,
553 2256 662 2299 sicut
690 2256 795 2300 bene
824 2257 977 2312 nostis,
1009 2257 1206 2300 dicentis:
1244 2258 1311 2301 Tu
1341 2274 1381 2301 es
1411 2259 1584 2312 Petrus,
1619 2268 1656 2302 et
1684 2275 1810 2317 super
1839 2260 1946 2303 hanc

389 2342 556 2391 petram
586 2335 811 2389 aedeficabo
842 2335 1060 2378 aeclesiam
1089 2331 1247 2377 meam³
1269 2338 1311 2378 et
1337 2338 1513 2391 caetera,
1545 2336 1699 2380 idcirco
1721 2337 1758 2380 si
1778 2337 1946 2393 aliquod

394 2411 527 2454 nostri
557 2411 744 2468 corporis
776 2411 1009 2455 membrum
1039 2411 1328 2456 tribulationes
1357 2416 1429 2456 aut
1448 2413 1661 2456 molestias
1681 2413 1772 2470 pati
1790 2413 1945 2457 iniuste

394 2488 646 2543 noverimus,
680 2487 792 2532 sive¹³
816 2488 967 2532 litteris
999 2489 1087 2532 sive
1118 2489 1200 2532 alio
1234 2490 1418 2545 quolibet
1446 2490 1569 2533 modo
1602 2490 1881 2547 compatimur
1903 2494 1945 2534 et

394 2566 535 2609 dolore
565 2579 641 2621 gra
657 2599 666 2608 .
687 2599 696 2609 .
718 2599 727 2608 .
743 2573 932 2609 luamur⁰
956 2570 1010 2621 et,
1042 2566 1191 2621 quibus
1221 2580 1442 2623 possumus
1472 2581 1556 2611 una
1585 2568 1799 2611 vobiscum
1820 2581 1944 2611 cona-

392 2642 523 2698 tibus,
565 2643 734 2686 illorum
763 2643 928 2687 insidiis
961 2646 1084 2699 atque
1114 2643 1405 2699 iniquitatibus
1438 2644 1667 2701 apostolica
1698 2645 1943 2689 auctoritate

489 2787 515 2809 a.
543 2791 581 2808 ex
609 2780 712 2809 codice
736 2780 945 2810 Carlsruhensz'
968 2781 1160 2818 epistolarum
1181 2781 1213 2811 S.
1228 2781 1380 2817 Bonifatii
1398 2781 1456 2817 fol.
1473 2781 1556 2810 113«)
1569 2781 1675 2811 -ll4.
1706 2781 1776 2812 Sine
1797 2781 1942 2810 lemmate.

392 2830 422 2860 b.
451 2832 515 2861 sine
539 2834 573 2863 C.
677 2841 703 2862 c.
733 2844 772 2862 an
794 2833 876 2870 gravi
897 2832 1095 2863 tribulamur?

489 2901 520 2935 1.
546 2901 829 2937 Wiirdtweinius
848 2902 1047 2946 (Epistolae
1064 2901 1100 2938 S.
1117 2900 1301 2945 Bonifatii)
1319 2901 1413 2937 hanc
1432 2903 1621 2948 epistolam
1639 2902 1797 2948 signavit
1811 2914 1846 2938 n.
1862 2903 1941 2948 169,

394 2958 549 2995 Gilesius
574 2971 609 2995 n.
628 2961 707 2996 156.
827 2962 861 2996 2.
892 2961 996 2997 Rom.
1016 2963 1070 3006 12,
1089 2961 1144 2997 15.
1263 2961 1296 2996 3.
1329 2961 1455 2997 Matth.
1476 2962 1530 3007 16,
1550 2962 1605 2997 18.
