2028 3380
587 218 841 250 un'rOLFth
872 220 934 250 DE
966 220 1000 250 s.
1025 220 1199 251 snvnno
1587 206 1674 250 509

109 313 276 359 Christo
297 313 518 371 propitio,
558 311 685 357 alias¹
717 314 953 370 disputabo.
1003 314 1190 371 Cumque
1227 314 1334 359 nihil
1372 314 1470 358 inde
1509 314 1615 357 certi
1651 327 1676 357 a

109 403 317 448 quoquam
349 391 568 449 percipere
599 392 852 449 potuissem,
884 405 969 435 non
999 393 1230 448 modicum,
1261 393 1418 448 fateor,
1451 392 1674 435 contrista-

67 458 78 468 *
107 470 177 513 tus
213 481 320 513 sum.
369 467 452 512 Sed
481 468 618 525 Deus,
657 470 910 513 merentium
941 469 1200 525 consolator,
1242 469 1480 514 consolatus
1513 472 1578 513 est
1606 483 1675 513 me

107 558 186 603 per
221 545 431 602 quendam
469 546 740 602 monachum,
781 548 851 604 qui
883 547 934 591 de
965 548 1219 591 monasterio
1252 548 1478 591 eorundem
1510 551 1675 591 sancto-

107 635 202 668 rum
231 623 277 668 in
308 624 521 668 civitatem
555 625 716 669 abierat
737 650 790 655 ——
816 625 947 668 distat
977 625 1089 668 enim
1120 625 1199 668 hoc
1229 626 1532 669 monasterium
1564 625 1675 668 haud

107 701 277 760 procul·
297 701 351 746 ab
380 702 485 746 urbe
505 702 735 746 Ravennna
752 727 806 733 —
827 702 1029 758 quosdam
1060 702 1216 745 amicos
1241 716 1338 746 suos
1359 703 1560 746 visitandi
1581 717 1676 758 gra-

107 780 181 824 tia.
229 779 360 832 Quem
393 793 483 836 ego,
516 780 567 824 de
591 781 761 824 civitate
783 780 837 824 ad
858 780 1160 824 monasterium
1181 784 1476 836 revertentem,
1510 781 1677 837 conspi-

107 857 222 902 ciens
258 858 455 912 conveni3
497 862 622 915 atque
662 859 773 902 inter
811 861 978 902 caetera
1015 858 1302 902 collocutionis
1340 862 1510 902 nostrae
1547 859 1676 902 verba

108 935 269 992 aliquid
299 935 404 979 mihi
434 936 485 980 de
505 936 596 979 vita
615 939 870 990 sanctorum,
905 936 942 979 si
963 936 1064 992 quid
1083 939 1240 991 nosset,
1273 936 1429 980 referre
1450 936 1674 992 postulavi.

106 1014 168 1059 At
195 1013 289 1060 ille:
321 1014 517 1058 Crastina
546 1014 695 1070 inquid
725 1016 793 1057 die
817 1017 914 1057 veni
933 1016 990 1057 ad
1009 1017 1308 1058 ‘monasterium
1327 1023 1530 1067 nostrum,
1565 1023 1602 1057 et
1619 1015 1681 1057 ibi

106 1108 235 1151 super
263 1093 343 1136 hac
369 1108 417 1136 re
447 1095 535 1135 voti
563 1108 731 1150 compos
763 1092 968 1149 efficieris.
1015 1093 1110 1149 Eyo
1144 1095 1253 1135 enim
1285 1093 1573 1136 demonstrabo
1604 1093 1682 1135 tibi

107 1172 259 1224 vivum,
293 1173 370 1228 qui
396 1173 494 1213 viva
524 1185 622 1214 voce
650 1172 841 1213 indicare
863 1173 1031 1228 poterit,
1067 1173 1181 1228 quod
1203 1174 1385 1228 quaeris.
1433 1170 1539 1213 Erat
1560 1184 1679 1213 nam-

108 1261 189 1305 que
224 1248 276 1292 de
307 1247 470 1292 Galliae
499 1248 713 1305 partimi,
751 1247 903 1292 Latino
936 1248 1100 1305 eloquio
1133 1249 1370 1306 exprimere
1402 1262 1487 1291 non
1519 1248 1678 1303 vetlem,

107 1318 221 1383 quod
250 1326 377 1370 volui.
492 1326 607 1370 Idem
640 1339 804 1382 quoque
834 1326 993 1382 retulit,
1026 1341 1070 1370 se
1101 1327 1165 1370 bis
1197 1341 1372 1370 numero
1405 1327 1456 1370 ab
1488 1327 1679 1370 hostibus

108 1407 293 1462 captum,
324 1418 408 1448 una
439 1404 609 1461 quidem
630 1405 720 1448 vice
742 1419 767 1448 a
787 1404 920 1448 Danis
942 1406 985 1448 in
1008 1404 1159 1460 Gallia,
1193 1405 1326 1448 altera
1346 1418 1445 1448 vero
1467 1405 1511 1447 in
1534 1404 1679 1448 eodem

107 1483 364 1527 monasterio
396 1482 448 1526 ab
470 1482 679 1538 Agarenis
711 1482 1067 1539 conprehensum;
1101 1483 1175 1526 sed
1205 1497 1281 1540 per
1302 1483 1382 1526 Dei
1414 1483 1593 1538 gratiam
1628 1482 1679 1526 ab

107 1561 296 1617 utrisque
326 1560 564 1605 liberatum.

229 1638 432 1695 Sequenti
461 1639 604 1695 itaque
636 1638 702 1682 die
734 1638 847 1681 illius
879 1638 1241 1696 pollicitationem,
1274 1642 1416 1682 utrum
1439 1653 1539 1682 vera
1570 1642 1682 1682 esset

107 1729 187 1760 nec
223 1730 298 1772 ne,
339 1716 561 1774 explorare
592 1716 736 1760 volens
768 1730 944 1772 meoque
975 1716 1183 1760 desiderio
1218 1717 1460 1760 satisfacere
1491 1717 1678 1774 cupiens,

107 1795 279 1852 perrexi
323 1794 377 1838 ad
421 1794 748 1849 monasterium,
793 1807 880 1837 non
927 1808 1082 1851 paucos
1129 1795 1287 1838 habens
1330 1795 1494 1838 itineris
1534 1795 1676 1838 sotios.

108 1871 280 1917 Fratres
326 1876 467 1917 autem
514 1872 627 1916 illius
666 1872 748 1916 1001
786 1886 862 1915 nos
903 1872 1081 1927 benigne
1120 1873 1397 1929 suscipientes
1438 1872 1595 1929 usqueb
1636 1873 1679 1916 in

107 1951 393 2008 praesentiam
430 1950 594 1995 abbatis
635 1950 726 1994 sui*
758 1951 1059 2008 perduxerunt.
1108 1951 1148 1994 A
1180 1965 1261 2007 quo
1299 1951 1427 1994 etiam
1459 1951 1679 1995 caritative

108 2029 306 2087 suscepti,
337 2042 483 2074 omnes
513 2029 558 2072 in
589 2029 843 2073 monasterio
875 2043 961 2072 una
991 2042 1085 2072 eum
1116 2029 1188 2072 illo
1221 2030 1500 2085 consedimus,
1533 2043 1679 2074 conse-

109 2105 304 2154 dentibus
342 2121 507 2164 quoque
549 2107 789 2151 nobiscum⁰
821 2108 1056 2151 numerosis
1102 2108 1288 2151 eiusdem
1327 2107 1410 2151 loci
1447 2108 1676 2151 monachis.

107 2183 273 2229 Deinde
301 2186 545 2242 requisitus,
577 2185 687 2229 unde
719 2199 852 2229 essem
878 2186 945 2230 vel
967 2186 1019 2230 ob
1043 2186 1143 2243 quid
1163 2186 1236 2229 illo
1260 2186 1482 2240 venissem,
1515 2189 1678 2229 utrum-

109 2276 190 2319 que
219 2276 364 2307 coram
393 2264 588 2308 omnibus
621 2264 810 2321 exposui.
855 2264 972 2307 Tunc
1002 2277 1109 2307 unus
1142 2277 1195 2307 ex
1225 2264 1462 2319 monachis,
1501 2265 1573 2320 qui
1603 2277 1679 2307 no-

108 2340 271 2385 biscum
301 2341 556 2398 residebant,
593 2343 793 2385 innuente
825 2342 906 2385 sibi
937 2341 1100 2398 abbate,
1132 2342 1241 2386 hanc
1271 2342 1376 2386 mihi
1406 2341 1558 2385 Latino
1592 2356 1678 2385 ser-

109 2432 233 2463 mone
262 2420 448 2464 reddidit
476 2420 735 2464 raeionemd:

229 2497 428 2543 Sevevw⁰
448 2499 641 2555 inquiens
650 2499 673 2555 ‘‚
706 2501 823 2542 cuius
847 2498 912 2542 ια’
931 2501 1061 2542 vitam
1081 2501 1188 2542 seire
1207 2500 1420 2542 desideras
1433 2505 1461 2552 Β,
1488 2499 1680 2554 nonfuit

109 2579 276 2630 martir,
308 2578 382 2620 sed
412 2578 636 2634 confessor.
678 2576 912 2634 Deniqueh,
947 2578 1070 2634 lonyo
1093 2586 1276 2634 tempore
1296 2579 1341 2620 in
1364 2577 1515 2619 laicali
1534 2578 1679 2620 habitu

111 2657 376 2709 constitutus,
417 2658 548 2699 vitam
580 2671 814 2713 pauperem
852 2657 898 2697 in
936 2655 1028 2698 liaei
1068 2656 1170 2698 urbe
1209 2656 1414 2698 Ravenna
1454 2656 1679 2698 secundum

206 2759 233 2781 a.
261 2749 343 2780 haud
363 2751 468 2789 procu]
491 2762 548 2781 om.
570 2752 619 2780 ed.
718 2750 748 2780 b.
779 2761 834 2779 om.
857 2750 905 2780 ed.
1008 2759 1034 2780 c.
1061 2759 1180 2789 quoque
1202 2749 1360 2780 nobiscum
1383 2761 1438 2779 om.
1455 2762 1481 2779 c.
1578 2750 1607 2780 d.
1636 2751 1679 2780 ita

109 2803 259 2843 incipiens
282 2805 358 2834 add.
373 2805 421 2834 ed.
505 2814 532 2834 e.
561 2806 591 2834 in
612 2806 747 2845 margine
769 2804 838 2833 cod.
855 2804 965 2834 addita
988 2810 1074 2833 sunt.-
1096 2803 1205 2842 Incipit
1219 2804 1282 2833 vita
1297 2803 1328 2833 S.
1344 2803 1460 2833 Seueri.
1482 2803 1504 2834 Ι.
1589 2803 1610 2833 f.
1632 2804 1677 2833 in-

110 2857 218 2896 quiens
246 2864 274 2887 el
300 2859 334 2888 tu
362 2859 447 2888 lineis
476 2858 630 2888 subductis
660 2864 806 2887 corrector
835 2858 929 2887 deleri
954 2858 1065 2893 tvolm'l,·
1095 2856 1235 2895 inquiens
1258 2869 1315 2886 om.
1338 2857 1386 2886 ed.
1490 2866 1518 2895 g.
1550 2869 1624 2887 corr.
1649 2859 1676 2887 in

110 2910 292 2942 desideratis
314 2912 384 2942 cod.
488 2911 519 2941 h.
547 2911 603 2941 Hic
624 2920 732 2950 nempe
754 2912 801 2941 ed.
907 2911 927 2941 i.
956 2912 1009 2940 sub
1032 2910 1090 2941 hac
1111 2912 1191 2940 linea
1211 2912 1315 2949 posita
1337 2917 1382 2941 est
1403 2913 1433 2941 ίιι
1455 2911 1524 2941 cod.

205 2976 238 3011 1.
269 2975 315 3013 V.
340 2974 445 3012 infra.
