2028 3386
448 211 483 241 S.
506 209 742 241 BONIFA'PII
770 209 829 239 ET
860 209 994 239 LULLI
1025 208 1275 239 EPISTOLAE
1306 207 1355 238 38.
1379 207 1441 237 39.
1637 194 1719 237 107

155 306 300 350 frater.
353 304 467 348 Data
496 305 524 347 4
546 302 759 347 Kalendas
780 291 1045 358 NovembriS,
1077 303 1314 360 imperante
1345 302 1498 346 domno
1527 301 1721 358 piissimo
1768 305 1838 340 739

156 385 333 438 augusto
353 381 494 426 Leone
526 381 569 435 (a
583 381 678 425 -Deo
711 383 910 424 coronato
941 394 1102 436 magno
1116 381 1372 437 imperatore
1393 393 1502 423 anno
1524 379 1723 423 vicesimo
1747 353 1865 383 ⁰⁰t'29

154 460 302 516 tertio,
348 463 446 517 post
490 458 802 512 consulatum⁰)
852 457 940 501 eius
987 470 1096 500 anno
1135 456 1334 501 vicesimo
1375 458 1521 513 tertio,
1568 457 1643 500 sed
1684 459 1726 500 et

154 537 433 582 Constantino
475 550 629 593 magno
667 537 923 593 imperatore
962 535 1052 578 eius
1091 533 1178 578 filio
1220 549 1329 579 anno
1371 537 1451 591 20,
1494 534 1726 579 indictione

155 618 305 660 octava
317 612 340 659 ¹.

159 757 241 805 39.
273 758 524 815 Bonifatius
553 759 770 801 universos
801 755 967 813 Anqlos
999 756 1252 809 cohortatur,
1290 770 1433 812 preces
1452 756 1648 811 faciant,
1681 764 1728 798 ut

277 836 469 881 Saxones
500 837 559 879 ad
576 836 709 891 fidem
740 833 897 877 Christi
925 832 1178 877 transeantb.
1397 831 1443 885 (S
1467 834 1508 887 6,
1539 831 1631 876 WG
1653 832 1726 885 36)

275 925 494 969 Universis
524 923 877 968 reverentissimis
908 922 1191 980 coepiscopis,
1223 921 1533 966 venerabilibus
1564 922 1726 979 presbi-
1740 934 1772 960 c·
1788 924 1952 960 732-741

156 1007 319 1049 teratus
350 1003 584 1048 candidatis
623 1002 781 1057 gratia,
822 1000 1088 1056 diaconibus,
1129 1000 1362 1055 canonicis,
1404 999 1587 1055 clericis,
1626 1014 1726 1043 vero

157 1082 276 1138 gregi
314 1081 473 1125 Christi
509 1080 686 1137 prelatis
727 1078 948 1123 abbatibus
986 1092 1061 1122 seu
1099 1078 1360 1133 abbatissis⁰,
1399 1077 1648 1120 humillimis
1687 1081 1729 1121 et

156 1173 235 1218 pro
265 1159 356 1204 Deo
389 1158 569 1203 subditis
599 1157 838 1213 monachis,
878 1157 1133 1200 consecratis
1166 1159 1208 1199 et
1237 1155 1328 1199 Deo
1359 1155 1522 1198 devotis
1553 1155 1728 1210 virgini-

156 1238 236 1282 bus
283 1240 326 1281 et
373 1237 534 1281 cunctis
580 1235 836 1280 consecratis
876 1234 1040 1279 ancillis
1080 1233 1258 1289 Christi,
1303 1233 1434 1276 immo
1476 1233 1730 1288 generaliter

159 1315 353 1360 omnibus
383 1314 600 1359 catholicis
631 1314 769 1358 Deum
802 1313 1063 1368 timentibus,
1096 1313 1148 1356 de
1180 1312 1313 1369 stirpe
1345 1314 1387 1355 et
1416 1311 1618 1368 prosapia
1640 1311 1730 1354 An-

158 1394 324 1450 glorum
354 1393 603 1451 procreatis,
636 1392 824 1436 eiusdem
845 1391 1010 1446 generis
1031 1390 1295 1446 vernaculus,
1327 1389 1579 1433 universalis
1601 1389 1731 1433 eccle-

159 1473 247 1517 siae
284 1471 449 1528 legatus
481 1470 756 1515 Germanicus
796 1473 839 1514 et
877 1483 1022 1513 servus
1062 1469 1173 1513 sedis
1215 1468 1444 1526 apostolice
1473 1467 1731 1523 Bonifacius,

160 1551 233 1608 qui
265 1553 307 1594 et
335 1549 631 1607 Wynfrethus,
664 1548 755 1592 sine
785 1547 1083 1605 praerogativa
1112 1547 1361 1590 meritorum
1391 1547 1634 1590 nominatus
1666 1561 1733 1590 ar-

160 1629 464 1686 chiepiscopus,
484 1627 746 1670 humillimae
767 1624 1098 1670 communionis‘¹
1116 1628 1158 1669 et
1173 1624 1483 1669 sincerissimae
1503 1625 1549 1668 in
1565 1624 1733 1668 Christo

161 1707 349 1751 caritatis
381 1706 574 1749 salutem.

280 1783 578 1828 Fraternitatis
608 1785 775 1826 vestrae
806 1780 1074 1825 clementiam
1104 1780 1268 1823 intimis
1301 1780 1568 1824 obsecramus
1598 1781 1734 1838 preci-

161 1863 264 1919 bus,
304 1865 353 1906 ut
389 1865 560 1905 nostrae
590 1860 815 1918 parvitatis
853 1859 897 1903 in
930 1859 1190 1902 orationibus
1220 1858 1372 1902 vestris
1403 1872 1611 1902 memores
1643 1873 1735 1902 esse

164 1940 416 1997 dignemini,
455 1942 505 1983 ut
540 1938 769 1982 liberemur
811 1951 836 1981 a
874 1937 1025 1993 laqueo
1056 1933 1277 1980 venantis²
1310 1940 1482 1980 satanae
1513 1940 1556 1980 et
1587 1937 1638 1980 ab
1669 1937 1734 1980 in—

162 2018 357 2077 portunis
389 2021 432 2062 et
461 2017 586 2061 malis
615 2016 880 2071 hominibus,
921 2018 963 2059 et
994 2028 1130 2058 sermo
1161 2014 1335 2058 Domini
1367 2018 1509 2058 currat
1541 2018 1582 2059 et
1613 2015 1735 2059 clari-

163 2093 346 2152 ficetur³,
379 2099 422 2140 et
450 2099 499 2139 ut
527 2095 749 2152 praecibus
780 2094 952 2151 pietatis
983 2097 1149 2137 vestrae
1177 2093 1409 2150 impetrare
1431 2093 1656 2137 studeatis:
1689 2097 1737 2136 ut

165 2175 268 2219 deus
299 2178 342 2218 et
371 2173 565 2217 dominus
595 2176 739 2216 noster
778 2172 893 2215 Iesus
925 2172 1139 2226 Christus,
1179 2171 1252 2227 qui
1289 2171 1381 2214 vult
1420 2184 1564 2215 omnes
1601 2171 1736 2214 homi-

165 2266 240 2297 nes
279 2252 418 2296 salvos
457 2250 549 2294 fieri
588 2254 630 2294 et
676 2251 730 2294 ad
777 2250 1036 2306 agnitionem
1075 2249 1156 2292 Dei
1195 2245 1375 2304 venire4,
1427 2252 1645 2292 convertat
1683 2249 1737 2292 ad

166 2330 416 2375 catholicam
444 2329 572 2372 fidem
614 2329 742 2372 corda
777 2342 1040 2385 paganorum
1073 2326 1309 2381 Saxonum3
1351 2330 1394 2370 et
1430 2326 1683 2383 resipiscant
1714 2340 1738 2370 a

168 2408 328 2452 diabuli
364 2408 548 2463 laqueis,
591 2421 615 2450 a
655 2406 805 2462 quibus
847 2406 962 2463 capti
993 2409 1214 2460 tenentur,
1255 2408 1297 2448 et
1328 2404 1609 2459 adgregentur
1639 2403 1737 2447 filiis

167 2485 316 2529 matris
348 2485 560 2529 ecclesiae.
614 2484 874 2528 Miseremini
905 2484 1089 2539 illorum,
1123 2483 1221 2539 quia
1251 2485 1292 2525 et
1317 2482 1401 2539 ipsi
1422 2482 1558 2525 solent
1578 2482 1736 2525 dicere:

168 2565 238 2608 De
267 2580 351 2607 uno
383 2566 589 2621 sanquine
621 2572 658 2606 et
688 2565 739 2606 de
769 2578 852 2606 uno
887 2578 975 2605 osse
1002 2559 1188 2615 sumu853
1220 2560 1509 2604 recordantes:
1543 2560 1643 2616 quia
1665 2560 1738 2603 ad-

252 2673 279 2694 a.
302 2674 320 2694 a
334 2664 399 2694 Deo
420 2680 451 2684 —
469 2664 658 2694 consulatum
681 2665 791 2702 scripsi
808 2675 864 2702 pro
884 2663 1002 2702 imperii
1018 2664 1090 2693 MC.
1127 2662 1164 2693 V.
1185 2673 1278 2701 supra
1297 2673 1330 2700 p.
1347 2662 1396 2691 17.
1478 2661 1509 2690 b.
1531 2673 1569 2690 ex
1583 2661 1740 2698 V4v—5;

170 2724 198 2748 e!
212 2719 312 2749 6104
335 2717 398 2755 (ubi
416 2721 618 2757 fragmentum
641 2723 754 2747 tantum
777 2718 861 2747 huius
884 2718 1031 2755 epistolae
1053 2718 1177 2756 legitur‚·
1199 2727 1226 2745 υ.
1244 2717 1327 2750 infra
1346 2726 1378 2753 p.
1395 2715 1455 2744 108
1478 2727 1505 2743 n.
1524 2713 1568 2751 α).
1599 2717 1740 2745 Lemma:

171 2772 245 2802 Item
273 2772 403 2811 epistola
429 2770 577 2801 Bonifacii
604 2770 825 2810 archiepiscopi
850 2771 886 2802 V.
1014 2779 1039 2800 c.
1067 2769 1214 2799 abbatisis
1239 2769 1275 2799 V.
1401 2767 1431 2797 d.
1461 2768 1679 2798 commonionis
1704 2769 1739 2799 V.

268 2842 300 2877 1.
328 2840 461 2877 Omnes
485 2841 660 2885 temporis
684 2844 793 2876 notae
809 2840 904 2876 hanc
921 2839 1111 2885 epistolam
1130 2847 1227 2874 anno
1245 2838 1313 2873 739
1331 2837 1552 2884 attribuunt3
1577 2848 1613 2873 v.
1632 2847 1742 2882 supra

171 2911 207 2946 p.
228 2902 283 2936 19.
364 2902 398 2936 2.
424 2901 469 2936 V.
495 2901 555 2935 Ps.
574 2901 630 2945 90,
649 2900 682 2935 3.
763 2901 796 2936 3.
830 2901 852 2935 2
868 2899 998 2935 Thess.
1017 2899 1102 2943 3,1.
1184 2898 1218 2932 4.
1247 2898 1265 2932 1
1284 2896 1443 2932 Timoth.
1462 2898 1495 2943 2,
1512 2897 1547 2932 4.
1628 2897 1662 2933 5.
1689 2907 1739 2932 sc.

173 2970 256 2995 cum
281 2959 487 2996 Saxonibus
512 2959 732 2995 Britanniae.
