2028 3386
257 339 326 375 724

238 387 310 418 Dec.
325 388 346 418 4

370 230 426 272 86
733 240 767 270 3.
790 239 1025 270 BONOEATII
1055 240 1112 270 ET
1142 240 1276 270 LULLI
1306 238 1555 270 EPISTOLAE
1586 238 1626 268 25

367 337 502 393 qratia
534 331 651 378 εἴσιτει
672 358 727 363 -
749 333 794 376 in
826 333 1014 389 partibus
1035 332 1332 390 Esperiarum³
1357 333 1410 376 ad
1437 332 1803 377 inluminationem
1823 332 1927 378 Ger—

369 412 535 455 maniae
556 411 706 466 gentis,
737 411 783 453 in
803 410 954 454 umbra
972 410 1120 453 mortis
1142 406 1385 465 sedentisw,
1418 410 1599 464 dirigere
1619 406 1925 467 praevidimus3

368 489 531 532 lucrum
561 488 659 531 inde
689 490 737 530 ut
767 487 989 543 adportare
1020 487 1214 542 deberes,
1248 487 1368 543 quasi
1399 501 1543 530 servus
1572 487 1644 531 ille
1675 487 1727 531 de
1755 488 1927 543 negocio

368 565 531 620 talenti,
562 565 672 608 sicut
701 565 902 621 scriptum
936 567 1000 607 est
1009 561 1037 619 ³,
1068 563 1176 607 fidus
1207 565 1252 607 in
1282 564 1422 606 futuro
1454 564 1613 607 auctori
1645 577 1806 608 asseras
1836 564 1927 608 Deo

369 642 530 685 fecisse.
593 641 713 693 Quod
751 642 850 697 quia
887 655 939 684 ex
980 641 1268 684 oboedientiae
1298 654 1471 702 munere
1501 641 1782 684 ministerium
1812 641 1930 686 verbi

371 719 580 762 cernimus
613 718 778 762 adolere
810 721 852 762 et
881 718 1205 774 praedicationis
1236 717 1460 774 praeconio
1481 717 1685 774 populum
1703 717 1928 773 infidelem,

370 799 417 839 ut
446 796 688 850 innotuisti,
727 795 962 839 audivimus
995 795 1201 850 converti,
1233 794 1404 838 Domini
1434 794 1647 851 potentiae
1677 795 1834 850 gratias
1862 808 1929 838 -re-

369 873 565 928 ferenteS,
597 876 646 915 ut
674 873 787 929 ipse,
821 886 846 915 a
877 885 958 928 quo
989 872 1145 915 bonum
1175 872 1366 928 procedit
1397 875 1439 915 et
1470 872 1523 915 ad
1555 871 1811 926 agnitionem
1841 871 1932 915 vult

372 963 516 993 omnes
554 949 698 993 venire
737 949 925 992 veritatis
936 947 963 1004 ⁴¹,
1001 949 1079 992 tibi
1111 952 1304 1005 optamus
1335 952 1382 992 ut
1413 951 1659 1005 cooperetur
1689 951 1732 992 et
1761 962 1787 992 a
1815 951 1930 992 tene-

373 1027 461 1070 bris
500 1026 553 1069 ad
583 1025 719 1069 lucem
750 1026 952 1083 populum
982 1025 1101 1068 illum
1132 1039 1231 1068 suae
1262 1026 1473 1082 potentiae
1502 1025 1778 1082 inspiratione
1807 1025 1931 1070 redu-

372 1106 451 1146 cat.
499 1102 609 1146 Hinc
641 1103 752 1146 enim
783 1103 901 1146 vobis
932 1116 1091 1146 merces
1123 1103 1304 1159 copiosa,
1337 1103 1559 1158 credimus,
1591 1102 1702 1159 quod
1724 1102 1776 1146 ab
1798 1103 1930 1146 omni-

372 1183 543 1237 potente
574 1179 758 1223 Domino
790 1180 1072 1223 adscribatur⁰
1103 1181 1148 1223 in
1179 1179 1318 1223 caelis.
1365 1181 1535 1223 Bonum
1567 1180 1678 1222 enim
1710 1189 1929 1234 certamen,

375 1258 411 1300 si
440 1257 797 1314 perseveraveris,
838 1257 974 1313 possis
1007 1270 1101 1299 cum
1133 1257 1322 1313 apostolo
1354 1257 1512 1300 dicere:
1554 1259 1732 1311 certavi,
1766 1273 1933 1300 cursum

374 1337 670 1387 consummavi,
693 1336 825 1389 fidem
855 1337 1020 1377 servavi
1027 1332 1054 1376 ⁵.
1108 1333 1191 1377 Sed
1221 1337 1268 1376 ut
1297 1347 1494 1376 coronam
1524 1334 1732 1391 percipias
1761 1334 1932 1389 laboris,

373 1411 544 1465 insiste3
585 1411 806 1467 pollicetur
837 1412 947 1454 enim
979 1410 1094 1454 Deus
1125 1411 1490 1468 perseverantibus
1528 1411 1573 1453 in
1602 1409 1685 1455 fine
1716 1408 1931 1455 salutem⁶.

374 1489 461 1532 Nec
499 1489 638 1531 minae
677 1491 863 1531 terreant
900 1502 977 1531 nec
1016 1488 1198 1531 deiciant
1234 1491 1436 1543 terrores,
1477 1488 1571 1543 sed,
1609 1486 1737 1531 fixam
1766 1489 1812 1531 in
1841 1487 1931 1532 Deo

372 1570 521 1609 tenens
552 1565 773 1620 fiduciam,
805 1566 995 1609 veritatis
1026 1565 1200 1608 verbum
1232 1565 1443 1608 denuntia.
1506 1565 1603 1608 Erit
1633 1565 1745 1608 enim
1775 1578 1828 1608 ex
1859 1565 1932 1608 ad-

373 1643 526 1686 iutorio
567 1643 707 1685 divino
747 1642 968 1699 perfectio,
1009 1645 1174 1685 tantum
1212 1643 1267 1685 sit
1303 1643 1459 1686 bonum
1492 1643 1537 1685 in
1567 1642 1782 1686 voluntate
1812 1655 1930 1699 opus.

375 1720 520 1775 Igitur,
554 1723 731 1775 quantos
763 1719 814 1762 ab
847 1733 986 1762 errore
1017 1719 1285 1774 converteris,
1318 1719 1573 1775 syllabarum
1602 1723 1770 1763 tuarum
1789 1732 1932 1762 recen-

375 1797 456 1840 sito
488 1800 608 1840 textu
638 1796 921 1851 cognovimus,
953 1796 1067 1851 laeti,
1099 1796 1247 1840 uberes
1268 1796 1356 1839 Deo
1387 1799 1530 1839 nostro
1561 1796 1718 1851 gratias
1749 1799 1932 1851 agentes,

377 1874 428 1916 de
459 1873 575 1916 lucro
608 1874 844 1916 animarum
876 1873 1124 1916 exultamus.

496 1950 626 1992 Porro
658 1964 734 2006 pro
767 1950 962 2006 episcopo
993 1950 1088 2004 illo,
1127 1951 1198 2006 qui
1236 1963 1347 1993 nunc
1376 1963 1507 2006 usque
1538 1949 1698 1993 desidia
1729 1949 1933 2005 quadam‘¹

378 2028 423 2070 in
454 2027 600 2070 eadem
630 2030 752 2081 gente
792 2027 1115 2082 praedicationis
1153 2027 1326 2070 verbum
1366 2026 1639 2070 disseminare
1678 2026 1934 2082 neglexerat,

380 2108 421 2148 et
450 2117 562 2147 nunc
593 2104 673 2147 sibi
703 2107 868 2160 partem
900 2103 1018 2159 quasi
1049 2104 1092 2146 in
1123 2104 1389 2160 parrochiam
1420 2103 1639 2158 defendit0,
1682 2102 1829 2146 Carolo
1862 2117 1933 2146 ex-

379 2181 675 2224 cellentissimo
706 2180 791 2223 filio
823 2184 966 2222 nostro
998 2180 1197 2236 patricio,
1238 2184 1284 2223 ut
1320 2194 1416 2224 eum
1446 2183 1668 2237 conpescat
1698 2180 1933 2235 suadentes,

380 2258 567 2315 paternis
597 2257 749 2301 litteris
782 2257 1038 2313 scripsimus.
1086 2257 1143 2300 Et
1173 2258 1392 2313 credimus,
1426 2258 1536 2313 quod
1562 2257 1641 2300 hoc
1668 2257 1792 2300 vitari
1812 2270 1934 2313 prae-

381 2335 522 2392 cipiat.
593 2335 688 2391 Ipse
734 2347 831 2376 vero
875 2337 1078 2390 oportune
1115 2334 1338 2390 inportune
1376 2333 1653 2391 praedicare⁷,
1694 2347 1799 2390 quae
1838 2337 1935 2377 sunt

382 2412 549 2467 salutis,
581 2425 665 2454 non
696 2411 873 2454 desinas.

500 2490 631 2544 Igitur
653 2487 896 2542 Thuringis‘
917 2490 958 2531 et
978 2486 1227 2530 Germaniae
1258 2487 1411 2543 populo
1443 2500 1512 2542 ea,
1551 2501 1657 2542 quae
1688 2488 1741 2530 ad
1772 2487 1935 2530 animae

480 2623 506 2643 a.
534 2613 718 2652 esperiarum
742 2615 792 2649 M,
816 2623 890 2641 corr.
913 2614 943 2641 in
964 2610 1170 2649 hesperiarum
1194 2613 1226 2640 C.
1311 2610 1340 2639 b.
1370 2610 1475 2639 sedent
1497 2613 1548 2645 M,
1572 2610 1689 2640 sedenti
1713 2612 1746 2640 C.
1831 2619 1856 2639 c.
1883 2610 1934 2639 ad—

384 2666 532 2696 scribatur
557 2669 607 2701 M,
636 2677 710 2695 corr.
734 2667 762 2695 in
791 2664 973 2695 asscribatur
996 2665 1030 2694 C.
1134 2662 1163 2692 d.
1193 2661 1310 2692 desidio
1340 2663 1470 2701 quodam
1495 2666 1542 2700 M‚·
1578 2675 1652 2692 corr.
1674 2665 1705 2693 in
1726 2662 1843 2693 desidia
1863 2671 1935 2701 qua-

385 2719 453 2748 dam
477 2721 510 2750 C.
633 2728 658 2747 e.
687 2718 828 2748 defendat
856 2729 930 2747 corr.
953 2719 982 2747 in
1010 2715 1145 2746 defendit
1167 2718 1217 2751 M,
1246 2715 1388 2745 defendat
1411 2718 1444 2746 C.
1563 2716 1583 2745 f.
1612 2715 1772 2753 Thuringis
1796 2718 1846 2751 M,
1877 2715 1934 2744 Tu-

383 2771 476 2808 ringis
500 2773 534 2801 C.

482 2840 512 2874 1.
546 2839 672 2874 Matth.
693 2840 747 2884 10,
766 2840 799 2874 8.
919 2839 951 2873 2.
984 2838 1071 2873 Luc.
1092 2839 1122 2882 1,
1143 2838 1204 2872 79:
1233 2837 1454 2882 „illuminare
1479 2836 1545 2882 his,
1572 2837 1633 2882 qui
1657 2837 1693 2871 in
1717 2835 1875 2871 tenebris
1900 2839 1937 2871 et

386 2899 422 2932 in
454 2897 581 2932 umbra
612 2899 737 2933 mortis
768 2898 897 2934 sedent
908 2897 937 2933 “.
1082 2897 1115 2931 3.
1147 2895 1272 2930 Matth.
1292 2895 1347 2940 25,
1366 2896 1422 2931 20.
1565 2896 1598 2930 4.
1633 2896 1651 2930 1
1676 2894 1832 2930 Timoth.
1851 2895 1883 2940 2,
1901 2894 1934 2929 4.

387 2957 419 2991 5.
454 2957 475 2991 2
492 2956 649 2991 Timoth.
667 2957 701 3002 4,
721 2958 752 2991 7.
874 2957 906 2992 6.
940 2950 1065 2991 Matth.
1086 2955 1141 3000 10,
1159 2955 1215 2990 22.
1337 2955 1369 2989 7.
1403 2956 1425 2990 2
1442 2954 1597 2990 Timoth.
1615 2954 1648 2999 4,
1666 2954 1700 2989 2.
