<?xml version="1.0" encoding="UTF-8"?>
<!DOCTYPE html PUBLIC "-//W3C//DTD XHTML 1.0 Transitional//EN"
    "http://www.w3.org/TR/xhtml1/DTD/xhtml1-transitional.dtd">
<html xmlns="http://www.w3.org/1999/xhtml" xml:lang="en" lang="en">
 <head>
  <title>
</title>
<meta http-equiv="Content-Type" content="text/html;charset=utf-8" />
  <meta name='ocr-system' content='tesseract 3.04.00' />
  <meta name='ocr-capabilities' content='ocr_page ocr_carea ocr_par ocr_line ocrx_word'/>
</head>
<body>
  <div class='ocr_page' id='page_1' title='image "bibliothecarerum03wattuoft_0353.png"; bbox 0 0 2028 3380; ppageno 0'>
   <div class='ocr_carea' id='block_1_1' title="bbox 512 183 1662 227">
    <p class='ocr_par' dir='ltr' id='par_1_1' title="bbox 512 183 1662 227">
     <span class='ocr_line' id='line_1_1' title="bbox 512 183 1662 227; baseline 0.003 -5"><span class='ocrx_word' id='word_1_1' title='bbox 512 191 764 225; x_wconf 69' lang='lat' dir='ltr'><strong>nms‘ronffl</strong></span> <span class='ocrx_word' id='word_1_2' title='bbox 792 192 1099 226; x_wconf 64' lang='lat' dir='ltr'><strong>uocumnun</strong></span> <span class='ocrx_word' id='word_1_3' title='bbox 1130 196 1181 226; x_wconf 79' lang='lat'><strong>12.</strong></span> <span class='ocrx_word' id='word_1_4' title='bbox 1204 195 1243 225; x_wconf 68' lang='grc' dir='ltr'><strong>ιε</strong></span> <span class='ocrx_word' id='word_1_5' title='bbox 1575 183 1662 227; x_wconf 85' lang='grc'><strong>335,</strong></span> 
     </span>
    </p>
   </div>
   <div class='ocr_carea' id='block_1_2' title="bbox 88 284 1880 1506">
    <p class='ocr_par' dir='ltr' id='par_1_2' title="bbox 88 284 1880 1506">
     <span class='ocr_line' id='line_1_2' title="bbox 211 284 1880 346; baseline 0.001 -16"><span class='ocrx_word' id='word_1_6' title='bbox 211 284 396 331; x_wconf 72' lang='lat' dir='ltr'><strong>Dilectio</strong></span> <span class='ocrx_word' id='word_1_7' title='bbox 424 288 498 330; x_wconf 82' lang='lat' dir='ltr'><strong>tua</strong></span> <span class='ocrx_word' id='word_1_8' title='bbox 527 287 658 343; x_wconf 86' lang='lat' dir='ltr'><strong>novit,</strong></span> <span class='ocrx_word' id='word_1_9' title='bbox 696 287 809 344; x_wconf 87' lang='lat' dir='ltr'><strong>quod</strong></span> <span class='ocrx_word' id='word_1_10' title='bbox 838 301 864 331; x_wconf 86' lang='lat' dir='ltr'><strong>a</strong></span> <span class='ocrx_word' id='word_1_11' title='bbox 893 289 1183 334; x_wconf 78' lang='lat' dir='ltr'>recordatione</span> <span class='ocrx_word' id='word_1_12' title='bbox 1212 290 1441 335; x_wconf 88' lang='lat' dir='ltr'><strong>iuventutis</strong></span> <span class='ocrx_word' id='word_1_13' title='bbox 1473 293 1584 346; x_wconf 88' lang='lat' dir='ltr'><strong>tuae,</strong></span> <span class='ocrx_word' id='word_1_14' title='bbox 1617 292 1665 334; x_wconf 93' lang='lat' dir='ltr'><strong>ut</strong></span> <span class='ocrx_word' id='word_1_15' title='bbox 1690 295 1880 332; x_wconf 78' lang='lat'>877—878</span> 
     </span>
     <span class='ocr_line' id='line_1_3' title="bbox 93 364 1663 424; baseline 0.003 -16"><span class='ocrx_word' id='word_1_16' title='bbox 93 373 203 420; x_wconf 76' lang='lat' dir='ltr'><strong>reor,</strong></span> <span class='ocrx_word' id='word_1_17' title='bbox 232 373 462 420; x_wconf 69' lang='lat' dir='ltr'><strong>nmquam</strong></span> <span class='ocrx_word' id='word_1_18' title='bbox 494 364 539 408; x_wconf 91' lang='lat' dir='ltr'><strong>in</strong></span> <span class='ocrx_word' id='word_1_19' title='bbox 568 368 716 409; x_wconf 85' lang='lat' dir='ltr'><strong>nostra</strong></span> <span class='ocrx_word' id='word_1_20' title='bbox 744 365 901 409; x_wconf 77' lang='lat' dir='ltr'><strong>diocesi</strong></span> <span class='ocrx_word' id='word_1_21' title='bbox 932 366 1225 424; x_wconf 89' lang='lat' dir='ltr'><strong>episcoporum</strong></span> <span class='ocrx_word' id='word_1_22' title='bbox 1257 368 1480 413; x_wconf 91' lang='lat' dir='ltr'><strong>concilium</strong></span> <span class='ocrx_word' id='word_1_23' title='bbox 1506 372 1571 413; x_wconf 91' lang='lat' dir='ltr'><strong>est</strong></span> <span class='ocrx_word' id='word_1_24' title='bbox 1589 368 1663 412; x_wconf 87' lang='lat' dir='ltr'><strong>ha-</strong></span> 
     </span>
     <span class='ocr_line' id='line_1_4' title="bbox 92 441 1663 502; baseline 0.003 -17"><span class='ocrx_word' id='word_1_25' title='bbox 92 441 241 486; x_wconf 77' lang='lat' dir='ltr'><strong>bitum.</strong></span> <span class='ocrx_word' id='word_1_26' title='bbox 291 441 350 486; x_wconf 90' lang='lat' dir='ltr'><strong>Et</strong></span> <span class='ocrx_word' id='word_1_27' title='bbox 384 441 541 487; x_wconf 84' lang='lat' dir='ltr'><strong>idcirco</strong></span> <span class='ocrx_word' id='word_1_28' title='bbox 578 446 680 500; x_wconf 90' lang='lat' dir='ltr'><strong>puto</strong></span> <span class='ocrx_word' id='word_1_29' title='bbox 721 444 822 500; x_wconf 92' lang='lat' dir='ltr'><strong>quin</strong></span> <span class='ocrx_word' id='word_1_30' title='bbox 860 444 1001 501; x_wconf 91' lang='lat' dir='ltr'><strong>potius</strong></span> <span class='ocrx_word' id='word_1_31' title='bbox 1039 449 1201 489; x_wconf 87' lang='lat' dir='ltr'><strong>metuo:</strong></span> <span class='ocrx_word' id='word_1_32' title='bbox 1242 447 1353 502; x_wconf 90' lang='lat' dir='ltr'><strong>quod</strong></span> <span class='ocrx_word' id='word_1_33' title='bbox 1391 448 1435 490; x_wconf 91' lang='lat' dir='ltr'><strong>in</strong></span> <span class='ocrx_word' id='word_1_34' title='bbox 1476 446 1663 491; x_wconf 89' lang='lat' dir='ltr'><strong>ecclesiis</strong></span> 
     </span>
     <span class='ocr_line' id='line_1_5' title="bbox 92 519 1663 578; baseline 0.004 -15"><span class='ocrx_word' id='word_1_35' title='bbox 92 523 263 564; x_wconf 75' lang='lat' dir='ltr'><strong>nostrae</strong></span> <span class='ocrx_word' id='word_1_36' title='bbox 297 519 525 578; x_wconf 83' lang='lat' dir='ltr'><strong>pusillitati</strong></span> <span class='ocrx_word' id='word_1_37' title='bbox 564 522 800 566; x_wconf 87' lang='lat' dir='ltr'><strong>commissis</strong></span> <span class='ocrx_word' id='word_1_38' title='bbox 840 521 974 566; x_wconf 86' lang='lat' dir='ltr'><strong>multa</strong></span> <span class='ocrx_word' id='word_1_39' title='bbox 1010 522 1187 578; x_wconf 79' lang='lat' dir='ltr'><strong>grandia</strong></span> <span class='ocrx_word' id='word_1_40' title='bbox 1218 527 1261 567; x_wconf 91' lang='lat' dir='ltr'><strong>et</strong></span> <span class='ocrx_word' id='word_1_41' title='bbox 1289 524 1544 568; x_wconf 84' lang='lat' dir='ltr'><strong>insanabilia</strong></span> <span class='ocrx_word' id='word_1_42' title='bbox 1572 528 1663 568; x_wconf 90' lang='lat' dir='ltr'><strong>tum</strong></span> 
     </span>
     <span class='ocr_line' id='line_1_6' title="bbox 91 597 1663 659; baseline 0.003 -17"><span class='ocrx_word' id='word_1_43' title='bbox 91 600 280 655; x_wconf 27' lang='lat' dir='ltr'><strong>propter,</strong></span> <span class='ocrx_word' id='word_1_44' title='bbox 296 597 452 643; x_wconf 82' lang='lat' dir='ltr'><strong>suimet</strong></span> <span class='ocrx_word' id='word_1_45' title='bbox 481 599 777 644; x_wconf 79' lang='lat' dir='ltr'><strong>enormitatem</strong></span> <span class='ocrx_word' id='word_1_46' title='bbox 807 603 899 644; x_wconf 91' lang='lat' dir='ltr'><strong>tum</strong></span> <span class='ocrx_word' id='word_1_47' title='bbox 931 600 1057 644; x_wconf 88' lang='lat' dir='ltr'><strong>etiam</strong></span> <span class='ocrx_word' id='word_1_48' title='bbox 1089 605 1264 659; x_wconf 90' lang='lat' dir='ltr'><strong>propter</strong></span> <span class='ocrx_word' id='word_1_49' title='bbox 1294 602 1482 647; x_wconf 87' lang='lat' dir='ltr'><strong>incuriae</strong></span> <span class='ocrx_word' id='word_1_50' title='bbox 1505 602 1572 647; x_wconf 90' lang='lat' dir='ltr'><strong>vel</strong></span> <span class='ocrx_word' id='word_1_51' title='bbox 1595 616 1663 647; x_wconf 91' lang='lat' dir='ltr'><strong>oc-</strong></span> 
     </span>
     <span class='ocr_line' id='line_1_7' title="bbox 91 675 1666 735; baseline 0.004 -16"><span class='ocrx_word' id='word_1_52' title='bbox 91 675 329 733; x_wconf 73' lang='lat' dir='ltr'><strong>cupationis</strong></span> <span class='ocrx_word' id='word_1_53' title='bbox 348 679 520 721; x_wconf 87' lang='lat' dir='ltr'><strong>nostrae</strong></span> <span class='ocrx_word' id='word_1_54' title='bbox 542 677 863 722; x_wconf 81' lang='lat' dir='ltr'><strong>diuturnitatem</strong></span> <span class='ocrx_word' id='word_1_55' title='bbox 885 678 988 722; x_wconf 88' lang='lat' dir='ltr'><strong>adeo</strong></span> <span class='ocrx_word' id='word_1_56' title='bbox 1010 679 1312 735; x_wconf 88' lang='lat' dir='ltr'><strong>concreverint,</strong></span> <span class='ocrx_word' id='word_1_57' title='bbox 1335 684 1382 724; x_wconf 90' lang='lat' dir='ltr'><strong>ut</strong></span> <span class='ocrx_word' id='word_1_58' title='bbox 1404 684 1477 724; x_wconf 90' lang='lat' dir='ltr'><strong>aut</strong></span> <span class='ocrx_word' id='word_1_59' title='bbox 1500 681 1571 724; x_wconf 86' lang='lat' dir='ltr'><strong>vix</strong></span> <span class='ocrx_word' id='word_1_60' title='bbox 1592 684 1666 726; x_wconf 89' lang='lat' dir='ltr'><strong>aut</strong></span> 
     </span>
     <span class='ocr_line' id='line_1_8' title="bbox 91 755 1663 814; baseline 0.003 -16"><span class='ocrx_word' id='word_1_61' title='bbox 91 756 214 799; x_wconf 81' lang='lat' dir='ltr'><strong>certe·</strong></span> <span class='ocrx_word' id='word_1_62' title='bbox 236 767 508 812; x_wconf 74' lang='lat' dir='ltr'><strong>nequaquam</strong></span> <span class='ocrx_word' id='word_1_63' title='bbox 545 755 637 800; x_wconf 88' lang='lat' dir='ltr'><strong>sine</strong></span> <span class='ocrx_word' id='word_1_64' title='bbox 675 769 832 812; x_wconf 85' lang='lat' dir='ltr'><strong>magna</strong></span> <span class='ocrx_word' id='word_1_65' title='bbox 871 757 1121 801; x_wconf 87' lang='lat' dir='ltr'><strong>auctoritate</strong></span> <span class='ocrx_word' id='word_1_66' title='bbox 1158 760 1201 801; x_wconf 87' lang='lat' dir='ltr'><strong>et</strong></span> <span class='ocrx_word' id='word_1_67' title='bbox 1230 758 1373 813; x_wconf 84' lang='lat' dir='ltr'><strong>vigore</strong></span> <span class='ocrx_word' id='word_1_68' title='bbox 1404 759 1560 814; x_wconf 80' lang='lat' dir='ltr'><strong>corrigi</strong></span> <span class='ocrx_word' id='word_1_69' title='bbox 1590 773 1663 802; x_wconf 87' lang='lat' dir='ltr'><strong>va-</strong></span> 
     </span>
     <span class='ocr_line' id='line_1_9' title="bbox 89 831 1663 893; baseline 0.003 -17"><span class='ocrx_word' id='word_1_70' title='bbox 89 831 216 877; x_wconf 79' lang='lat' dir='ltr'><strong>leant.</strong></span> <span class='ocrx_word' id='word_1_71' title='bbox 252 832 543 892; x_wconf 74' lang='lat' dir='ltr'><strong>Quapropter,</strong></span> <span class='ocrx_word' id='word_1_72' title='bbox 574 837 623 878; x_wconf 92' lang='lat' dir='ltr'><strong>ut</strong></span> <span class='ocrx_word' id='word_1_73' title='bbox 653 834 766 878; x_wconf 89' lang='lat' dir='ltr'><strong>dicta</strong></span> <span class='ocrx_word' id='word_1_74' title='bbox 788 847 998 879; x_wconf 88' lang='lat' dir='ltr'><strong>canonum</strong></span> <span class='ocrx_word' id='word_1_75' title='bbox 1026 835 1271 893; x_wconf 83' lang='lat' dir='ltr'><strong>praecipere</strong></span> <span class='ocrx_word' id='word_1_76' title='bbox 1298 836 1411 880; x_wconf 86' lang='lat' dir='ltr'><strong>nosti</strong></span> <span class='ocrx_word' id='word_1_77' title='bbox 1432 863 1488 869; x_wconf 88' lang='lat'>—</span> <span class='ocrx_word' id='word_1_78' title='bbox 1511 841 1559 880; x_wconf 88' lang='lat' dir='ltr'><strong>ut</strong></span> <span class='ocrx_word' id='word_1_79' title='bbox 1579 851 1663 880; x_wconf 92' lang='lat' dir='ltr'><strong>non</strong></span> 
     </span>
     <span class='ocr_line' id='line_1_10' title="bbox 90 910 1662 972; baseline 0.002 -17"><span class='ocrx_word' id='word_1_80' title='bbox 90 910 251 968; x_wconf 88' lang='lat' dir='ltr'><strong>dicam,</strong></span> <span class='ocrx_word' id='word_1_81' title='bbox 283 911 395 969; x_wconf 91' lang='lat' dir='ltr'><strong>quod</strong></span> <span class='ocrx_word' id='word_1_82' title='bbox 426 912 481 955; x_wconf 85' lang='lat' dir='ltr'><strong>ad.</strong></span> <span class='ocrx_word' id='word_1_83' title='bbox 511 912 653 956; x_wconf 91' lang='lat' dir='ltr'><strong>omnia</strong></span> <span class='ocrx_word' id='word_1_84' title='bbox 681 926 801 957; x_wconf 92' lang='lat' dir='ltr'><strong>meus</strong></span> <span class='ocrx_word' id='word_1_85' title='bbox 833 927 1001 971; x_wconf 90' lang='lat' dir='ltr'><strong>semper</strong></span> <span class='ocrx_word' id='word_1_86' title='bbox 1030 914 1150 958; x_wconf 86' lang='lat' dir='ltr'><strong>fuisti</strong></span> <span class='ocrx_word' id='word_1_87' title='bbox 1181 938 1237 944; x_wconf 89' lang='lat'><strong>—-</strong></span> <span class='ocrx_word' id='word_1_88' title='bbox 1268 915 1294 958; x_wconf 82' lang='lat'><strong>2</strong></span> <span class='ocrx_word' id='word_1_89' title='bbox 1325 914 1469 958; x_wconf 89' lang='lat' dir='ltr'><strong>Nonas</strong></span> <span class='ocrx_word' id='word_1_90' title='bbox 1500 915 1662 972; x_wconf 86' lang='lat' dir='ltr'><strong>Aprilis</strong></span> 
     </span>
     <span class='ocr_line' id='line_1_11' title="bbox 91 989 1664 1050; baseline 0.001 -16"><span class='ocrx_word' id='word_1_91' title='bbox 91 989 144 1033; x_wconf 79' lang='lat' dir='ltr'><strong>ad</strong></span> <span class='ocrx_word' id='word_1_92' title='bbox 173 989 324 1035; x_wconf 84' lang='lat' dir='ltr'><strong>urbem</strong></span> <span class='ocrx_word' id='word_1_93' title='bbox 353 989 612 1046; x_wconf 84' lang='lat' dir='ltr'><strong>Magontiam</strong></span> <span class='ocrx_word' id='word_1_94' title='bbox 642 991 787 1035; x_wconf 88' lang='lat' dir='ltr'><strong>venire</strong></span> <span class='ocrx_word' id='word_1_95' title='bbox 818 1005 871 1036; x_wconf 91' lang='lat' dir='ltr'><strong>ne</strong></span> <span class='ocrx_word' id='word_1_96' title='bbox 902 992 1267 1049; x_wconf 85' lang='lat' dir='ltr'><strong>praeteromittas3</strong></span> <span class='ocrx_word' id='word_1_97' title='bbox 1302 992 1365 1036; x_wconf 89' lang='lat' dir='ltr'><strong>ita</strong></span> <span class='ocrx_word' id='word_1_98' title='bbox 1395 996 1583 1050; x_wconf 86' lang='lat' dir='ltr'><strong>paratus,</strong></span> <span class='ocrx_word' id='word_1_99' title='bbox 1616 997 1664 1036; x_wconf 91' lang='lat' dir='ltr'><strong>ut</strong></span> 
     </span>
     <span class='ocr_line' id='line_1_12' title="bbox 90 1068 1662 1129; baseline 0.001 -17"><span class='ocrx_word' id='word_1_100' title='bbox 90 1068 470 1125; x_wconf 82' lang='lat' dir='ltr'><strong>quamdiucumque</strong></span> <span class='ocrx_word' id='word_1_101' title='bbox 507 1082 730 1113; x_wconf 84' lang='lat' dir='ltr'><strong>causarum</strong></span> <span class='ocrx_word' id='word_1_102' title='bbox 767 1070 996 1115; x_wconf 87' lang='lat' dir='ltr'><strong>necessitas</strong></span> <span class='ocrx_word' id='word_1_103' title='bbox 1034 1071 1244 1129; x_wconf 85' lang='lat' dir='ltr'><strong>exposcit,</strong></span> <span class='ocrx_word' id='word_1_104' title='bbox 1284 1071 1344 1114; x_wconf 90' lang='lat' dir='ltr'><strong>ibi</strong></span> <span class='ocrx_word' id='word_1_105' title='bbox 1382 1084 1555 1115; x_wconf 90' lang='lat' dir='ltr'><strong>manere</strong></span> <span class='ocrx_word' id='word_1_106' title='bbox 1585 1083 1662 1128; x_wconf 87' lang='lat' dir='ltr'><strong>pro</strong></span> 
     </span>
     <span class='ocr_line' id='line_1_13' title="bbox 88 1145 1663 1206; baseline 0.001 -15"><span class='ocrx_word' id='word_1_107' title='bbox 88 1145 378 1192; x_wconf 73' lang='lat' dir='ltr'><strong>habundantia</strong></span> <span class='ocrx_word' id='word_1_108' title='bbox 412 1150 660 1205; x_wconf 87' lang='lat' dir='ltr'><strong>sumptuum</strong></span> <span class='ocrx_word' id='word_1_109' title='bbox 695 1148 846 1205; x_wconf 89' lang='lat' dir='ltr'><strong>possis.</strong></span> <span class='ocrx_word' id='word_1_110' title='bbox 893 1148 951 1192; x_wconf 93' lang='lat' dir='ltr'><strong>Et</strong></span> <span class='ocrx_word' id='word_1_111' title='bbox 982 1150 1235 1206; x_wconf 89' lang='lat' dir='ltr'><strong>quicumque</strong></span> <span class='ocrx_word' id='word_1_112' title='bbox 1266 1149 1427 1206; x_wconf 87' lang='lat' dir='ltr'><strong>aliquid</strong></span> <span class='ocrx_word' id='word_1_113' title='bbox 1456 1149 1663 1205; x_wconf 86' lang='lat' dir='ltr'><strong>gravioris</strong></span> 
     </span>
     <span class='ocr_line' id='line_1_14' title="bbox 88 1225 1662 1284; baseline 0.002 -15"><span class='ocrx_word' id='word_1_114' title='bbox 88 1225 268 1282; x_wconf 79' lang='lat' dir='ltr'><strong>negotii,</strong></span> <span class='ocrx_word' id='word_1_115' title='bbox 299 1225 413 1282; x_wconf 89' lang='lat' dir='ltr'><strong>quod</strong></span> <span class='ocrx_word' id='word_1_116' title='bbox 442 1239 572 1283; x_wconf 87' lang='lat' dir='ltr'><strong>supra</strong></span> <span class='ocrx_word' id='word_1_117' title='bbox 602 1226 714 1270; x_wconf 89' lang='lat' dir='ltr'><strong>vires</strong></span> <span class='ocrx_word' id='word_1_118' title='bbox 745 1230 841 1270; x_wconf 90' lang='lat' dir='ltr'><strong>tuas</strong></span> <span class='ocrx_word' id='word_1_119' title='bbox 873 1227 1103 1284; x_wconf 85' lang='lat' dir='ltr'><strong>existimes,</strong></span> <span class='ocrx_word' id='word_1_120' title='bbox 1136 1227 1203 1272; x_wconf 86' lang='lat' dir='ltr'><strong>vel</strong></span> <span class='ocrx_word' id='word_1_121' title='bbox 1233 1241 1346 1272; x_wconf 91' lang='lat' dir='ltr'><strong>nunc</strong></span> <span class='ocrx_word' id='word_1_122' title='bbox 1376 1227 1444 1271; x_wconf 89' lang='lat' dir='ltr'><strong>vel</strong></span> <span class='ocrx_word' id='word_1_123' title='bbox 1475 1231 1662 1272; x_wconf 88' lang='lat' dir='ltr'><strong>anteces-</strong></span> 
     </span>
     <span class='ocr_line' id='line_1_15' title="bbox 88 1304 1662 1363; baseline 0.002 -16"><span class='ocrx_word' id='word_1_124' title='bbox 88 1317 231 1348; x_wconf 90' lang='lat' dir='ltr'><strong>sorum</strong></span> <span class='ocrx_word' id='word_1_125' title='bbox 261 1307 430 1348; x_wconf 88' lang='lat' dir='ltr'><strong>tuorum</strong></span> <span class='ocrx_word' id='word_1_126' title='bbox 461 1304 724 1362; x_wconf 88' lang='lat' dir='ltr'><strong>temporibus</strong></span> <span class='ocrx_word' id='word_1_127' title='bbox 753 1304 1012 1361; x_wconf 85' lang='lat' dir='ltr'><strong>habuerunt,</strong></span> <span class='ocrx_word' id='word_1_128' title='bbox 1052 1309 1125 1350; x_wconf 90' lang='lat' dir='ltr'><strong>aut</strong></span> <span class='ocrx_word' id='word_1_129' title='bbox 1155 1309 1296 1350; x_wconf 92' lang='lat' dir='ltr'><strong>tecum</strong></span> <span class='ocrx_word' id='word_1_130' title='bbox 1327 1306 1488 1363; x_wconf 89' lang='lat' dir='ltr'><strong>pariter</strong></span> <span class='ocrx_word' id='word_1_131' title='bbox 1518 1307 1662 1350; x_wconf 90' lang='lat' dir='ltr'><strong>venire</strong></span> 
     </span>
     <span class='ocr_line' id='line_1_16' title="bbox 89 1382 1662 1442; baseline 0.002 -16"><span class='ocrx_word' id='word_1_132' title='bbox 89 1385 163 1426; x_wconf 85' lang='lat' dir='ltr'><strong>aut</strong></span> <span class='ocrx_word' id='word_1_133' title='bbox 199 1395 388 1426; x_wconf 90' lang='lat' dir='ltr'><strong>seorsum</strong></span> <span class='ocrx_word' id='word_1_134' title='bbox 428 1382 507 1427; x_wconf 91' lang='lat' dir='ltr'><strong>tibi</strong></span> <span class='ocrx_word' id='word_1_135' title='bbox 545 1396 763 1427; x_wconf 88' lang='lat' dir='ltr'><strong>occurrere</strong></span> <span class='ocrx_word' id='word_1_136' title='bbox 800 1384 846 1427; x_wconf 95' lang='lat' dir='ltr'><strong>in</strong></span> <span class='ocrx_word' id='word_1_137' title='bbox 876 1383 967 1428; x_wconf 91' lang='lat' dir='ltr'><strong>loco</strong></span> <span class='ocrx_word' id='word_1_138' title='bbox 998 1388 1231 1428; x_wconf 90' lang='lat' dir='ltr'><strong>memorato</strong></span> <span class='ocrx_word' id='word_1_139' title='bbox 1262 1385 1482 1442; x_wconf 84' lang='lat' dir='ltr'><strong>praecipe3</strong></span> <span class='ocrx_word' id='word_1_140' title='bbox 1524 1388 1572 1428; x_wconf 93' lang='lat' dir='ltr'><strong>ut</strong></span> <span class='ocrx_word' id='word_1_141' title='bbox 1602 1384 1662 1429; x_wconf 90' lang='lat' dir='ltr'><strong>ibi</strong></span> 
     </span>
     <span class='ocr_line' id='line_1_17' title="bbox 88 1460 1097 1506; baseline 0.001 -1"><span class='ocrx_word' id='word_1_142' title='bbox 88 1460 224 1504; x_wconf 85' lang='lat' dir='ltr'><strong>omnis</strong></span> <span class='ocrx_word' id='word_1_143' title='bbox 254 1473 401 1505; x_wconf 87' lang='lat' dir='ltr'><strong>eorum</strong></span> <span class='ocrx_word' id='word_1_144' title='bbox 430 1460 718 1505; x_wconf 88' lang='lat' dir='ltr'><strong>controversia</strong></span> <span class='ocrx_word' id='word_1_145' title='bbox 746 1460 931 1505; x_wconf 88' lang='lat' dir='ltr'><strong>finiatur.</strong></span> <span class='ocrx_word' id='word_1_146' title='bbox 980 1462 1097 1506; x_wconf 84' lang='lat' dir='ltr'><strong>Vale.</strong></span> 
     </span>
    </p>
   </div>
   <div class='ocr_carea' id='block_1_3' title="bbox 729 1546 1014 1552">
    <p class='ocr_par' dir='ltr' id='par_1_3' title="bbox 729 1546 1014 1552">
     <span class='ocr_line' id='line_1_18' title="bbox 729 1546 1014 1552; baseline 0 0"><span class='ocrx_word' id='word_1_147' title='bbox 729 1546 1014 1552; x_wconf 95' lang='lat' dir='ltr'><strong> </strong></span> 
     </span>
    </p>
   </div>
   <div class='ocr_carea' id='block_1_4' title="bbox 85 1585 1872 2598">
    <p class='ocr_par' dir='ltr' id='par_1_4' title="bbox 93 1585 1659 1804">
     <span class='ocr_line' id='line_1_19' title="bbox 93 1585 1659 1647; baseline 0 -15"><span class='ocrx_word' id='word_1_148' title='bbox 93 1585 172 1632; x_wconf 84' lang='lat'><strong>13.</strong></span> <span class='ocrx_word' id='word_1_149' title='bbox 209 1586 448 1645; x_wconf 69' lang='lat' dir='ltr'><strong>Stqohanus</strong></span> <span class='ocrx_word' id='word_1_150' title='bbox 478 1587 546 1631; x_wconf 84' lang='lat' dir='ltr'><strong>VI</strong></span> <span class='ocrx_word' id='word_1_151' title='bbox 575 1604 696 1646; x_wconf 81' lang='lat' dir='ltr'><strong>papa</strong></span> <span class='ocrx_word' id='word_1_152' title='bbox 734 1588 949 1632; x_wconf 52' lang='lat' dir='ltr'><strong>[liutberto</strong></span> <span class='ocrx_word' id='word_1_153' title='bbox 989 1590 1306 1647; x_wconf 69' lang='lat' dir='ltr'><strong>archiepiscopo</strong></span> <span class='ocrx_word' id='word_1_154' title='bbox 1344 1589 1568 1646; x_wconf 71' lang='lat' dir='ltr'><strong>respondet</strong></span> <span class='ocrx_word' id='word_1_155' title='bbox 1608 1590 1659 1632; x_wconf 91' lang='lat' dir='ltr'><strong>de</strong></span> 
     </span>
     <span class='ocr_line' id='line_1_20' title="bbox 192 1665 1658 1724; baseline 0.001 -16"><span class='ocrx_word' id='word_1_156' title='bbox 192 1665 320 1722; x_wconf 70' lang='lat' dir='ltr'><strong>few-o</strong></span> <span class='ocrx_word' id='word_1_157' title='bbox 360 1666 560 1709; x_wconf 78' lang='lat' dir='ltr'><strong>candente</strong></span> <span class='ocrx_word' id='word_1_158' title='bbox 599 1675 636 1710; x_wconf 75' lang='lat' dir='ltr'><strong>et</strong></span> <span class='ocrx_word' id='word_1_159' title='bbox 667 1682 781 1724; x_wconf 78' lang='lat' dir='ltr'><strong>aqua</strong></span> <span class='ocrx_word' id='word_1_160' title='bbox 799 1667 995 1723; x_wconf 78' lang='lat' dir='ltr'><strong>fervente</strong></span> <span class='ocrx_word' id='word_1_161' title='bbox 1025 1669 1071 1710; x_wconf 88' lang='lat' dir='ltr'><strong>in</strong></span> <span class='ocrx_word' id='word_1_162' title='bbox 1102 1669 1260 1712; x_wconf 82' lang='lat' dir='ltr'><strong>iudicio</strong></span> <span class='ocrx_word' id='word_1_163' title='bbox 1291 1683 1377 1711; x_wconf 80' lang='lat' dir='ltr'><strong>non</strong></span> <span class='ocrx_word' id='word_1_164' title='bbox 1409 1667 1658 1710; x_wconf 75' lang='lat' dir='ltr'><strong>adhibendis</strong></span> 
     </span>
     <span class='ocr_line' id='line_1_21' title="bbox 207 1744 1019 1804; baseline 0 -17"><span class='ocrx_word' id='word_1_165' title='bbox 207 1760 259 1787; x_wconf 87' lang='lat' dir='ltr'><strong>ac</strong></span> <span class='ocrx_word' id='word_1_166' title='bbox 289 1745 340 1787; x_wconf 92' lang='lat' dir='ltr'><strong>de</strong></span> <span class='ocrx_word' id='word_1_167' title='bbox 371 1744 542 1787; x_wconf 84' lang='lat' dir='ltr'><strong>concilii</strong></span> <span class='ocrx_word' id='word_1_168' title='bbox 569 1745 756 1788; x_wconf 83' lang='lat' dir='ltr'><strong>Nicaeni</strong></span> <span class='ocrx_word' id='word_1_169' title='bbox 784 1745 982 1804; x_wconf 76' lang='lat' dir='ltr'><strong>capitulis</strong></span> <span class='ocrx_word' id='word_1_170' title='bbox 993 1752 1019 1787; x_wconf 73' lang='lat'><strong>⁵.</strong></span> 
     </span>
    </p>

    <p class='ocr_par' dir='ltr' id='par_1_5' title="bbox 85 1832 1872 2598">
     <span class='ocr_line' id='line_1_22' title="bbox 205 1832 1872 1892; baseline 0.002 -15"><span class='ocrx_word' id='word_1_171' title='bbox 205 1866 217 1877; x_wconf 85' lang='lat'><strong>.</strong></span> <span class='ocrx_word' id='word_1_172' title='bbox 241 1867 252 1877; x_wconf 90' lang='lat'><strong>.</strong></span> <span class='ocrx_word' id='word_1_173' title='bbox 275 1867 286 1878; x_wconf 89' lang='lat'><strong>.</strong></span> <span class='ocrx_word' id='word_1_174' title='bbox 320 1832 580 1878; x_wconf 86' lang='lat' dir='ltr'><strong>Consuluisti</strong></span> <span class='ocrx_word' id='word_1_175' title='bbox 610 1834 763 1879; x_wconf 78' lang='lat' dir='ltr'><strong>etiamb</strong></span> <span class='ocrx_word' id='word_1_176' title='bbox 786 1835 837 1879; x_wconf 90' lang='lat' dir='ltr'><strong>de</strong></span> <span class='ocrx_word' id='word_1_177' title='bbox 866 1835 1113 1891; x_wconf 86' lang='lat' dir='ltr'><strong>infantibus,</strong></span> <span class='ocrx_word' id='word_1_178' title='bbox 1146 1835 1231 1892; x_wconf 88' lang='lat' dir='ltr'><strong>qui,</strong></span> <span class='ocrx_word' id='word_1_179' title='bbox 1262 1835 1308 1879; x_wconf 93' lang='lat' dir='ltr'><strong>in</strong></span> <span class='ocrx_word' id='word_1_180' title='bbox 1328 1849 1411 1879; x_wconf 93' lang='lat' dir='ltr'><strong>uno</strong></span> <span class='ocrx_word' id='word_1_181' title='bbox 1433 1834 1540 1879; x_wconf 91' lang='lat' dir='ltr'><strong>lecto</strong></span> <span class='ocrx_word' id='word_1_182' title='bbox 1562 1848 1658 1879; x_wconf 92' lang='lat' dir='ltr'><strong>cum</strong></span> <span class='ocrx_word' id='word_1_183' title='bbox 1683 1845 1872 1881; x_wconf 84' lang='lat'>886—889</span> 
     </span>
     <span class='ocr_line' id='line_1_23' title="bbox 86 1911 1658 1971; baseline 0.002 -16"><span class='ocrx_word' id='word_1_184' title='bbox 86 1911 332 1970; x_wconf 89' lang='lat' dir='ltr'><strong>parentibus</strong></span> <span class='ocrx_word' id='word_1_185' title='bbox 363 1911 633 1969; x_wconf 90' lang='lat' dir='ltr'><strong>dormientes,</strong></span> <span class='ocrx_word' id='word_1_186' title='bbox 664 1913 822 1957; x_wconf 84' lang='lat' dir='ltr'><strong>mortui</strong></span> <span class='ocrx_word' id='word_1_187' title='bbox 842 1914 1124 1971; x_wconf 90' lang='lat' dir='ltr'><strong>reperiuntur,</strong></span> <span class='ocrx_word' id='word_1_188' title='bbox 1156 1916 1298 1957; x_wconf 90' lang='lat' dir='ltr'><strong>utrum</strong></span> <span class='ocrx_word' id='word_1_189' title='bbox 1320 1913 1431 1958; x_wconf 85' lang='lat' dir='ltr'><strong>ferro</strong></span> <span class='ocrx_word' id='word_1_190' title='bbox 1452 1913 1658 1958; x_wconf 86' lang='lat' dir='ltr'><strong>candente</strong></span> 
     </span>
     <span class='ocr_line' id='line_1_24' title="bbox 87 1990 1658 2050; baseline 0.001 -16"><span class='ocrx_word' id='word_1_191' title='bbox 87 1997 165 2041; x_wconf 78' lang='lat' dir='ltr'><strong>an⁶</strong></span> <span class='ocrx_word' id='word_1_192' title='bbox 198 2004 308 2048; x_wconf 86' lang='lat' dir='ltr'><strong>aqua</strong></span> <span class='ocrx_word' id='word_1_193' title='bbox 345 1990 533 2038; x_wconf 82' lang='lat' dir='ltr'><strong>fervente</strong></span> <span class='ocrx_word' id='word_1_194' title='bbox 572 2004 646 2035; x_wconf 90' lang='lat' dir='ltr'><strong>seu</strong></span> <span class='ocrx_word' id='word_1_195' title='bbox 677 1991 759 2035; x_wconf 90' lang='lat' dir='ltr'><strong>alio</strong></span> <span class='ocrx_word' id='word_1_196' title='bbox 793 1991 980 2048; x_wconf 89' lang='lat' dir='ltr'><strong>quolibet</strong></span> <span class='ocrx_word' id='word_1_197' title='bbox 1011 1992 1205 2036; x_wconf 85' lang='lat' dir='ltr'><strong>examine</strong></span> <span class='ocrx_word' id='word_1_198' title='bbox 1235 1995 1434 2050; x_wconf 88' lang='lat' dir='ltr'><strong>parentes</strong></span> <span class='ocrx_word' id='word_1_199' title='bbox 1466 2006 1511 2037; x_wconf 90' lang='lat' dir='ltr'><strong>se</strong></span> <span class='ocrx_word' id='word_1_200' title='bbox 1542 1993 1658 2050; x_wconf 82' lang='lat' dir='ltr'><strong>puri-</strong></span> 
     </span>
     <span class='ocr_line' id='line_1_25' title="bbox 85 2057 1659 2128; baseline 0.002 -16"><span class='ocrx_word' id='word_1_201' title='bbox 85 2067 212 2114; x_wconf 86' lang='lat' dir='ltr'><strong>ficare</strong></span> <span class='ocrx_word' id='word_1_202' title='bbox 249 2067 448 2126; x_wconf 86' lang='lat' dir='ltr'><strong>debeant,</strong></span> <span class='ocrx_word' id='word_1_203' title='bbox 488 2082 558 2113; x_wconf 92' lang='lat' dir='ltr'><strong>eos</strong></span> <span class='ocrx_word' id='word_1_204' title='bbox 590 2084 674 2114; x_wconf 92' lang='lat' dir='ltr'><strong>non</strong></span> <span class='ocrx_word' id='word_1_205' title='bbox 705 2057 980 2128; x_wconf 72' lang='lat' dir='ltr'><strong>oppressisse.</strong></span> <span class='ocrx_word' id='word_1_206' title='bbox 1043 2068 1242 2114; x_wconf 88' lang='lat' dir='ltr'><strong>Monendi</strong></span> <span class='ocrx_word' id='word_1_207' title='bbox 1272 2085 1454 2127; x_wconf 92' lang='lat' dir='ltr'><strong>namque</strong></span> <span class='ocrx_word' id='word_1_208' title='bbox 1487 2075 1586 2115; x_wconf 89' lang='lat' dir='ltr'><strong>sunt</strong></span> <span class='ocrx_word' id='word_1_209' title='bbox 1617 2075 1659 2115; x_wconf 89' lang='lat' dir='ltr'><strong>et</strong></span> 
     </span>
     <span class='ocr_line' id='line_1_26' title="bbox 85 2147 1659 2205; baseline 0.001 -13"><span class='ocrx_word' id='word_1_210' title='bbox 85 2147 350 2205; x_wconf 85' lang='lat' dir='ltr'><strong>protestandi</strong></span> <span class='ocrx_word' id='word_1_211' title='bbox 386 2150 604 2205; x_wconf 88' lang='lat' dir='ltr'><strong>parentes,</strong></span> <span class='ocrx_word' id='word_1_212' title='bbox 644 2161 698 2192; x_wconf 92' lang='lat' dir='ltr'><strong>ne</strong></span> <span class='ocrx_word' id='word_1_213' title='bbox 737 2151 823 2192; x_wconf 87' lang='lat' dir='ltr'><strong>tam</strong></span> <span class='ocrx_word' id='word_1_214' title='bbox 865 2148 1042 2192; x_wconf 90' lang='lat' dir='ltr'><strong>tenellos</strong></span> <span class='ocrx_word' id='word_1_215' title='bbox 1081 2162 1223 2193; x_wconf 88' lang='lat' dir='ltr'><strong>secum</strong></span> <span class='ocrx_word' id='word_1_216' title='bbox 1261 2149 1306 2193; x_wconf 92' lang='lat' dir='ltr'><strong>in</strong></span> <span class='ocrx_word' id='word_1_217' title='bbox 1338 2163 1421 2193; x_wconf 90' lang='lat' dir='ltr'><strong>uno</strong></span> <span class='ocrx_word' id='word_1_218' title='bbox 1453 2149 1659 2194; x_wconf 90' lang='lat' dir='ltr'><strong>collocent</strong></span> 
     </span>
     <span class='ocr_line' id='line_1_27' title="bbox 85 2225 1657 2286; baseline 0.002 -17"><span class='ocrx_word' id='word_1_219' title='bbox 85 2225 214 2280; x_wconf 85' lang='lat' dir='ltr'><strong>lect03</strong></span> <span class='ocrx_word' id='word_1_220' title='bbox 246 2239 300 2270; x_wconf 91' lang='lat' dir='ltr'><strong>ne</strong></span> <span class='ocrx_word' id='word_1_221' title='bbox 329 2225 586 2282; x_wconf 88' lang='lat' dir='ltr'><strong>negligentia</strong></span> <span class='ocrx_word' id='word_1_222' title='bbox 617 2226 804 2283; x_wconf 90' lang='lat' dir='ltr'><strong>qualibet</strong></span> <span class='ocrx_word' id='word_1_223' title='bbox 832 2227 1107 2284; x_wconf 88' lang='lat' dir='ltr'><strong>proveniente</strong></span> <span class='ocrx_word' id='word_1_224' title='bbox 1139 2226 1395 2272; x_wconf 87' lang='lat' dir='ltr'><strong>suffocentur</strong></span> <span class='ocrx_word' id='word_1_225' title='bbox 1426 2227 1494 2272; x_wconf 85' lang='lat' dir='ltr'><strong>vel</strong></span> <span class='ocrx_word' id='word_1_226' title='bbox 1515 2228 1657 2286; x_wconf 91' lang='lat' dir='ltr'><strong>oppri-</strong></span> 
     </span>
     <span class='ocr_line' id='line_1_28' title="bbox 86 2303 1656 2362; baseline 0.002 -15"><span class='ocrx_word' id='word_1_227' title='bbox 86 2306 279 2360; x_wconf 88' lang='lat' dir='ltr'><strong>mantur,</strong></span> <span class='ocrx_word' id='word_1_228' title='bbox 318 2303 430 2348; x_wconf 89' lang='lat' dir='ltr'><strong>unde</strong></span> <span class='ocrx_word' id='word_1_229' title='bbox 466 2304 551 2362; x_wconf 93' lang='lat' dir='ltr'><strong>ipsi</strong></span> <span class='ocrx_word' id='word_1_230' title='bbox 588 2304 805 2348; x_wconf 90' lang='lat' dir='ltr'><strong>homicidii</strong></span> <span class='ocrx_word' id='word_1_231' title='bbox 844 2306 907 2349; x_wconf 88' lang='lat' dir='ltr'><strong>rei</strong></span> <span class='ocrx_word' id='word_1_232' title='bbox 938 2306 1221 2350; x_wconf 88' lang='lat' dir='ltr'><strong>inveniantur.</strong></span> <span class='ocrx_word' id='word_1_233' title='bbox 1283 2306 1394 2349; x_wconf 89' lang='lat' dir='ltr'><strong>Nam</strong></span> <span class='ocrx_word' id='word_1_234' title='bbox 1425 2307 1527 2350; x_wconf 84' lang='lat' dir='ltr'><strong>ferri</strong></span> <span class='ocrx_word' id='word_1_235' title='bbox 1559 2320 1656 2351; x_wconf 90' lang='lat' dir='ltr'><strong>can-</strong></span> 
     </span>
     <span class='ocr_line' id='line_1_29' title="bbox 87 2381 1657 2441; baseline 0.001 -15"><span class='ocrx_word' id='word_1_236' title='bbox 87 2382 223 2427; x_wconf 87' lang='lat' dir='ltr'><strong>dentis</strong></span> <span class='ocrx_word' id='word_1_237' title='bbox 253 2381 322 2426; x_wconf 86' lang='lat' dir='ltr'><strong>vel</strong></span> <span class='ocrx_word' id='word_1_238' title='bbox 352 2395 485 2439; x_wconf 89' lang='lat' dir='ltr'><strong>aquae</strong></span> <span class='ocrx_word' id='word_1_239' title='bbox 514 2382 715 2427; x_wconf 86' lang='lat' dir='ltr'><strong>ferventis</strong></span> <span class='ocrx_word' id='word_1_240' title='bbox 748 2383 1058 2428; x_wconf 85' lang='lat' dir='ltr'><strong>examinatione</strong></span> <span class='ocrx_word' id='word_1_241' title='bbox 1088 2384 1392 2428; x_wconf 89' lang='lat' dir='ltr'><strong>confessionem</strong></span> <span class='ocrx_word' id='word_1_242' title='bbox 1416 2385 1657 2441; x_wconf 88' lang='lat' dir='ltr'><strong>extorqueri</strong></span> 
     </span>
     <span class='ocr_line' id='line_1_30' title="bbox 87 2460 1656 2521; baseline 0.001 -17"><span class='ocrx_word' id='word_1_243' title='bbox 87 2474 113 2505; x_wconf 92' lang='lat' dir='ltr'><strong>a</strong></span> <span class='ocrx_word' id='word_1_244' title='bbox 143 2460 351 2518; x_wconf 87' lang='lat' dir='ltr'><strong>quolibet,</strong></span> <span class='ocrx_word' id='word_1_245' title='bbox 390 2461 500 2505; x_wconf 90' lang='lat' dir='ltr'><strong>sacri</strong></span> <span class='ocrx_word' id='word_1_246' title='bbox 529 2475 615 2505; x_wconf 91' lang='lat' dir='ltr'><strong>non</strong></span> <span class='ocrx_word' id='word_1_247' title='bbox 646 2465 818 2505; x_wconf 89' lang='lat' dir='ltr'><strong>censent</strong></span> <span class='ocrx_word' id='word_1_248' title='bbox 849 2474 1050 2517; x_wconf 84' lang='lat' dir='ltr'><strong>canones3</strong></span> <span class='ocrx_word' id='word_1_249' title='bbox 1093 2466 1135 2506; x_wconf 92' lang='lat' dir='ltr'><strong>et</strong></span> <span class='ocrx_word' id='word_1_250' title='bbox 1166 2462 1276 2519; x_wconf 90' lang='lat' dir='ltr'><strong>quod</strong></span> <span class='ocrx_word' id='word_1_251' title='bbox 1309 2466 1550 2506; x_wconf 90' lang='lat' dir='ltr'><strong>sanctorum</strong></span> <span class='ocrx_word' id='word_1_252' title='bbox 1581 2477 1656 2521; x_wconf 91' lang='lat' dir='ltr'><strong>pa-</strong></span> 
     </span>
     <span class='ocr_line' id='line_1_31' title="bbox 86 2539 1656 2598; baseline 0.001 -15"><span class='ocrx_word' id='word_1_253' title='bbox 86 2542 200 2583; x_wconf 82' lang='lat' dir='ltr'><strong>trum</strong></span> <span class='ocrx_word' id='word_1_254' title='bbox 237 2539 485 2584; x_wconf 89' lang='lat' dir='ltr'><strong>documento</strong></span> <span class='ocrx_word' id='word_1_255' title='bbox 524 2540 734 2584; x_wconf 89' lang='lat' dir='ltr'><strong>sancitum</strong></span> <span class='ocrx_word' id='word_1_256' title='bbox 771 2553 856 2583; x_wconf 93' lang='lat' dir='ltr'><strong>non</strong></span> <span class='ocrx_word' id='word_1_257' title='bbox 895 2543 978 2596; x_wconf 87' lang='lat' dir='ltr'><strong>est,</strong></span> <span class='ocrx_word' id='word_1_258' title='bbox 1020 2541 1315 2598; x_wconf 88' lang='lat' dir='ltr'><strong>superstitiosa</strong></span> <span class='ocrx_word' id='word_1_259' title='bbox 1355 2541 1656 2586; x_wconf 89' lang='lat' dir='ltr'><strong>adinventione</strong></span> 
     </span>
    </p>
   </div>
   <div class='ocr_carea' id='block_1_5' title="bbox 86 2641 1659 2994">
    <p class='ocr_par' dir='ltr' id='par_1_6' title="bbox 86 2641 1659 2994">
     <span class='ocr_line' id='line_1_32' title="bbox 183 2641 1655 2682; baseline 0.001 -11"><span class='ocrx_word' id='word_1_260' title='bbox 183 2650 211 2671; x_wconf 73' lang='lat' dir='ltr'><strong>a.</strong></span> <span class='ocrx_word' id='word_1_261' title='bbox 237 2643 308 2672; x_wconf 84' lang='lat' dir='ltr'><strong>Duo</strong></span> <span class='ocrx_word' id='word_1_262' title='bbox 329 2643 466 2680; x_wconf 75' lang='lat' dir='ltr'><strong>responsi</strong></span> <span class='ocrx_word' id='word_1_263' title='bbox 483 2644 659 2682; x_wconf 78' lang='lat' dir='ltr'><strong>fragmenta</strong></span> <span class='ocrx_word' id='word_1_264' title='bbox 680 2643 870 2681; x_wconf 76' lang='lat' dir='ltr'><strong>reperiuntur.</strong></span> <span class='ocrx_word' id='word_1_265' title='bbox 902 2643 1035 2671; x_wconf 81' lang='lat' dir='ltr'><strong>Alterum</strong></span> <span class='ocrx_word' id='word_1_266' title='bbox 1055 2641 1253 2680; x_wconf 72' lang='lat' dir='ltr'><strong>(consuluisti</strong></span> <span class='ocrx_word' id='word_1_267' title='bbox 1280 2659 1312 2662; x_wconf 88' lang='lat'>—</span> <span class='ocrx_word' id='word_1_268' title='bbox 1336 2642 1486 2682; x_wconf 82' lang='lat' dir='ltr'><strong>nequibit)</strong></span> <span class='ocrx_word' id='word_1_269' title='bbox 1509 2645 1538 2673; x_wconf 83' lang='lat' dir='ltr'><strong>in</strong></span> <span class='ocrx_word' id='word_1_270' title='bbox 1555 2646 1655 2674; x_wconf 75' lang='lat' dir='ltr'><strong>lvonis</strong></span> 
     </span>
     <span class='ocr_line' id='line_1_33' title="bbox 87 2694 1659 2735; baseline 0.002 -11"><span class='ocrx_word' id='word_1_271' title='bbox 87 2695 175 2724; x_wconf 81' lang='lat' dir='ltr'><strong>Decr.</strong></span> <span class='ocrx_word' id='word_1_272' title='bbox 196 2696 234 2726; x_wconf 80' lang='grc' dir='ltr'><em>Χ</em></span> <span class='ocrx_word' id='word_1_273' title='bbox 250 2695 290 2725; x_wconf 83' lang='grc'><strong>27</strong></span> <span class='ocrx_word' id='word_1_274' title='bbox 313 2706 378 2724; x_wconf 87' lang='lat' dir='ltr'><strong>cum</strong></span> <span class='ocrx_word' id='word_1_275' title='bbox 407 2695 464 2724; x_wconf 77' lang='lat' dir='ltr'><strong>hoc</strong></span> <span class='ocrx_word' id='word_1_276' title='bbox 491 2696 645 2725; x_wconf 79' lang='lat' dir='ltr'><strong>lemmate.-</strong></span> <span class='ocrx_word' id='word_1_277' title='bbox 676 2695 849 2734; x_wconf 80' lang='lat' dir='ltr'><strong>Stephanus</strong></span> <span class='ocrx_word' id='word_1_278' title='bbox 872 2694 1024 2725; x_wconf 83' lang='lat' dir='ltr'><strong>Ludberto</strong></span> <span class='ocrx_word' id='word_1_279' title='bbox 1048 2696 1192 2735; x_wconf 89' lang='lat' dir='ltr'><strong>episcopo</strong></span> <span class='ocrx_word' id='word_1_280' title='bbox 1215 2696 1391 2734; x_wconf 75' lang='lat' dir='ltr'><strong>Mogontino</strong></span> <span class='ocrx_word' id='word_1_281' title='bbox 1414 2703 1442 2726; x_wconf 80' lang='lat' dir='ltr'><strong>et</strong></span> <span class='ocrx_word' id='word_1_282' title='bbox 1463 2698 1493 2726; x_wconf 79' lang='lat' dir='ltr'><strong>in</strong></span> <span class='ocrx_word' id='word_1_283' title='bbox 1515 2699 1659 2727; x_wconf 76' lang='lat' dir='ltr'><strong>Gratiam·</strong></span> 
     </span>
     <span class='ocr_line' id='line_1_34' title="bbox 86 2748 1655 2789; baseline 0.001 -11"><span class='ocrx_word' id='word_1_284' title='bbox 86 2750 176 2778; x_wconf 77' lang='lat' dir='ltr'><strong>Dm.</strong></span> <span class='ocrx_word' id='word_1_285' title='bbox 198 2750 235 2778; x_wconf 83' lang='lat' dir='ltr'><strong>P.</strong></span> <span class='ocrx_word' id='word_1_286' title='bbox 254 2750 289 2779; x_wconf 89' lang='lat'><strong>11</strong></span> <span class='ocrx_word' id='word_1_287' title='bbox 310 2750 343 2779; x_wconf 89' lang='lat' dir='ltr'><strong>C.</strong></span> <span class='ocrx_word' id='word_1_288' title='bbox 363 2750 397 2779; x_wconf 93' lang='lat'><strong>11</strong></span> <span class='ocrx_word' id='word_1_289' title='bbox 418 2760 467 2789; x_wconf 85' lang='lat' dir='ltr'><strong>qu.</strong></span> <span class='ocrx_word' id='word_1_290' title='bbox 486 2749 505 2779; x_wconf 80' lang='grc'><strong>5</strong></span> <span class='ocrx_word' id='word_1_291' title='bbox 528 2761 553 2779; x_wconf 83' lang='lat' dir='ltr'><strong>c.</strong></span> <span class='ocrx_word' id='word_1_292' title='bbox 569 2750 618 2785; x_wconf 84' lang='lat'><strong>20,</strong></span> <span class='ocrx_word' id='word_1_293' title='bbox 641 2751 685 2780; x_wconf 77' lang='lat' dir='ltr'><strong>sic</strong></span> <span class='ocrx_word' id='word_1_294' title='bbox 707 2751 898 2788; x_wconf 74' lang='lat' dir='ltr'><strong>inscriptum.-</strong></span> <span class='ocrx_word' id='word_1_295' title='bbox 927 2748 1099 2788; x_wconf 84' lang='lat' dir='ltr'><strong>Stephanus</strong></span> <span class='ocrx_word' id='word_1_296' title='bbox 1116 2749 1144 2778; x_wconf 87' lang='lat' dir='ltr'>V</span> <span class='ocrx_word' id='word_1_297' title='bbox 1165 2749 1331 2780; x_wconf 78' lang='lat' dir='ltr'><strong>Humberto</strong></span> <span class='ocrx_word' id='word_1_298' title='bbox 1363 2750 1507 2789; x_wconf 86' lang='lat' dir='ltr'><strong>episcopo</strong></span> <span class='ocrx_word' id='word_1_299' title='bbox 1529 2749 1655 2788; x_wconf 84' lang='lat' dir='ltr'><strong>Mogun-</strong></span> 
     </span>
     <span class='ocr_line' id='line_1_35' title="bbox 86 2799 1654 2843; baseline 0.002 -12"><span class='ocrx_word' id='word_1_300' title='bbox 86 2801 162 2832; x_wconf 76' lang='lat' dir='ltr'><strong>tino.</strong></span> <span class='ocrx_word' id='word_1_301' title='bbox 194 2802 324 2832; x_wconf 75' lang='lat' dir='ltr'><strong>Alterum</strong></span> <span class='ocrx_word' id='word_1_302' title='bbox 349 2799 499 2841; x_wconf 75' lang='lat' dir='ltr'><strong>(capitula</strong></span> <span class='ocrx_word' id='word_1_303' title='bbox 525 2819 556 2822; x_wconf 93' lang='lat'><strong>—</strong></span> <span class='ocrx_word' id='word_1_304' title='bbox 582 2801 722 2840; x_wconf 84' lang='lat' dir='ltr'><strong>concilio)</strong></span> <span class='ocrx_word' id='word_1_305' title='bbox 746 2804 775 2833; x_wconf 81' lang='lat' dir='ltr'><strong>in</strong></span> <span class='ocrx_word' id='word_1_306' title='bbox 798 2804 899 2833; x_wconf 73' lang='lat' dir='ltr'><strong>lvonis</strong></span> <span class='ocrx_word' id='word_1_307' title='bbox 922 2803 1011 2832; x_wconf 79' lang='lat' dir='ltr'><strong>Decr.</strong></span> <span class='ocrx_word' id='word_1_308' title='bbox 1032 2804 1081 2833; x_wconf 89' lang='lat' dir='ltr'><strong>IV</strong></span> <span class='ocrx_word' id='word_1_309' title='bbox 1095 2804 1154 2833; x_wconf 86' lang='lat'><strong>232</strong></span> <span class='ocrx_word' id='word_1_310' title='bbox 1177 2815 1241 2833; x_wconf 82' lang='lat' dir='ltr'><strong>cum</strong></span> <span class='ocrx_word' id='word_1_311' title='bbox 1264 2804 1320 2833; x_wconf 82' lang='lat' dir='ltr'><strong>hoc</strong></span> <span class='ocrx_word' id='word_1_312' title='bbox 1342 2805 1497 2834; x_wconf 76' lang='lat' dir='ltr'><strong>lemmate.-</strong></span> <span class='ocrx_word' id='word_1_313' title='bbox 1526 2803 1654 2843; x_wconf 78' lang='lat' dir='ltr'><strong>Stepha-</strong></span> 
     </span>
     <span class='ocr_line' id='line_1_36' title="bbox 86 2854 1658 2895; baseline 0.002 -10"><span class='ocrx_word' id='word_1_314' title='bbox 86 2863 144 2885; x_wconf 82' lang='lat' dir='ltr'><strong>nus</strong></span> <span class='ocrx_word' id='word_1_315' title='bbox 164 2854 334 2894; x_wconf 82' lang='lat' dir='ltr'><strong>Luythobio</strong></span> <span class='ocrx_word' id='word_1_316' title='bbox 356 2854 533 2894; x_wconf 83' lang='lat' dir='ltr'><strong>Moguntino</strong></span> <span class='ocrx_word' id='word_1_317' title='bbox 556 2856 717 2895; x_wconf 87' lang='lat' dir='ltr'><strong>episcopo,</strong></span> <span class='ocrx_word' id='word_1_318' title='bbox 744 2862 772 2885; x_wconf 77' lang='lat' dir='ltr'><strong>et</strong></span> <span class='ocrx_word' id='word_1_319' title='bbox 795 2854 927 2894; x_wconf 82' lang='lat' dir='ltr'><strong>(Viginti</strong></span> <span class='ocrx_word' id='word_1_320' title='bbox 954 2873 985 2876; x_wconf 97' lang='lat'><strong>—</strong></span> <span class='ocrx_word' id='word_1_321' title='bbox 1011 2866 1078 2886; x_wconf 86' lang='lat' dir='ltr'><strong>esse</strong></span> <span class='ocrx_word' id='word_1_322' title='bbox 1100 2855 1232 2894; x_wconf 83' lang='lat' dir='ltr'><strong>inserta)</strong></span> <span class='ocrx_word' id='word_1_323' title='bbox 1255 2858 1284 2886; x_wconf 83' lang='lat' dir='ltr'><strong>in</strong></span> <span class='ocrx_word' id='word_1_324' title='bbox 1308 2859 1450 2887; x_wconf 74' lang='lat' dir='ltr'><strong>Gratiam*</strong></span> <span class='ocrx_word' id='word_1_325' title='bbox 1469 2859 1558 2887; x_wconf 73' lang='lat' dir='ltr'><strong>Dect.</strong></span> <span class='ocrx_word' id='word_1_326' title='bbox 1581 2860 1619 2888; x_wconf 89' lang='lat' dir='ltr'><strong>P.</strong></span> <span class='ocrx_word' id='word_1_327' title='bbox 1640 2860 1658 2889; x_wconf 94' lang='lat' dir='ltr'><em>I</em></span> 
     </span>
     <span class='ocr_line' id='line_1_37' title="bbox 87 2907 1653 2950; baseline 0.003 -13"><span class='ocrx_word' id='word_1_328' title='bbox 87 2909 128 2937; x_wconf 90' lang='lat' dir='ltr'><strong>D.</strong></span> <span class='ocrx_word' id='word_1_329' title='bbox 150 2907 188 2939; x_wconf 80' lang='lat'><strong>16</strong></span> <span class='ocrx_word' id='word_1_330' title='bbox 217 2919 243 2938; x_wconf 79' lang='lat' dir='ltr'><strong>c.</strong></span> <span class='ocrx_word' id='word_1_331' title='bbox 266 2909 305 2939; x_wconf 82' lang='lat'><strong>13</strong></span> <span class='ocrx_word' id='word_1_332' title='bbox 333 2920 397 2939; x_wconf 83' lang='lat' dir='ltr'><strong>cum</strong></span> <span class='ocrx_word' id='word_1_333' title='bbox 430 2910 489 2939; x_wconf 79' lang='lat' dir='ltr'><strong>hac</strong></span> <span class='ocrx_word' id='word_1_334' title='bbox 520 2911 729 2949; x_wconf 72' lang='lat' dir='ltr'><strong>imcripeiom:</strong></span> <span class='ocrx_word' id='word_1_335' title='bbox 769 2909 942 2949; x_wconf 83' lang='lat' dir='ltr'><strong>Stephanus</strong></span> <span class='ocrx_word' id='word_1_336' title='bbox 974 2919 1054 2949; x_wconf 80' lang='lat' dir='ltr'><strong>papa</strong></span> <span class='ocrx_word' id='word_1_337' title='bbox 1084 2909 1256 2949; x_wconf 86' lang='lat' dir='ltr'><strong>Luythobio</strong></span> <span class='ocrx_word' id='word_1_338' title='bbox 1289 2911 1434 2950; x_wconf 86' lang='lat' dir='ltr'><strong>episcopo</strong></span> <span class='ocrx_word' id='word_1_339' title='bbox 1466 2911 1653 2950; x_wconf 81' lang='lat' dir='ltr'><strong>Moguntino.</strong></span> 
     </span>
     <span class='ocr_line' id='line_1_38' title="bbox 87 2960 552 2994; baseline 0.009 -4"><span class='ocrx_word' id='word_1_340' title='bbox 87 2960 117 2990; x_wconf 89' lang='lat' dir='ltr'><strong>b.</strong></span> <span class='ocrx_word' id='word_1_341' title='bbox 144 2972 201 2992; x_wconf 87' lang='lat' dir='ltr'><strong>om.</strong></span> <span class='ocrx_word' id='word_1_342' title='bbox 218 2963 269 2993; x_wconf 87' lang='lat' dir='ltr'><strong>Gr.</strong></span> <span class='ocrx_word' id='word_1_343' title='bbox 373 2972 399 2993; x_wconf 89' lang='lat' dir='ltr'><strong>c.</strong></span> <span class='ocrx_word' id='word_1_344' title='bbox 428 2965 480 2994; x_wconf 89' lang='lat' dir='ltr'><strong>aut</strong></span> <span class='ocrx_word' id='word_1_345' title='bbox 501 2965 552 2994; x_wconf 89' lang='lat' dir='ltr'><strong>Gr.</strong></span> 
     </span>
    </p>
   </div>
  </div>
 </body>
</html>
