2028 3380
286 482 354 518 755

270 532 333 561 Iun.
349 531 367 561 5

392 195 478 238 506
575 208 636 236 Ex
667 207 947 237 Pnasssrmm
979 208 1301 241 TRAIEOTENSIS
1331 211 1436 240 VITA
1467 211 1501 240 s.
1525 210 1756 240 BONIFATII

390 370 799 421 PRESBYTERI
836 312 1298 425 TRAIECTssbliSIS
1334 374 1486 426 VITA
1523 375 1569 426 S.
1597 374 1936 429 BONIFATII.

511 503 547 513 ..
567 504 576 513 .
596 504 605 514 .
646 470 813 525 Peregit
849 472 977 527 igitur
1017 475 1183 516 sanctus
1222 473 1301 517 Dei
1335 473 1573 518 Bonifacius
1612 488 1778 518 cursum
1817 489 1938 519 suum

392 550 508 590 stans
555 550 597 590 et
642 561 765 590 orans
810 552 1070 605 tyrannoque
1115 550 1277 604 iugulos
1318 551 1369 594 ad
1408 552 1696 595 decollandum
1733 552 1938 609 praebens

392 627 539 679 quarto
577 628 674 681 post
703 624 911 669 Kalendas
942 626 1049 669 Iunii
1084 627 1239 669 mensis
1270 627 1348 670 die.
1401 627 1520 671 Unde
1551 632 1593 671 et
1620 628 1724 671 illud
1754 628 1938 672 tetrasti-

391 714 468 744 con
508 701 709 758 scriptum
746 702 921 746 habetur
959 706 1002 746 et
1038 704 1081 746 in
1120 704 1391 760 depositionis
1430 706 1518 748 eius
1556 705 1768 749 solemniis
1797 706 1843 749 in
1873 718 1937 750 ec-

391 778 517 821 clesia
547 782 758 822 cantatur:

601 856 752 899 Iuniis⁸
782 857 826 898 in
857 856 987 899 Nonis
1018 857 1171 900 festum
1201 857 1438 901 venerabile
1468 858 1587 901 nobis

601 926 798 982 Advenit,
831 927 1021 971 exultant
1049 929 1201 971 fratres
1233 942 1328 971 cum
1359 930 1518 973 civibus
1548 930 1592 973 in
1624 943 1718 986 quo,

602 998 718 1040 Tunc
749 999 846 1054 quia
876 999 1085 1042 caelorum
1115 1001 1267 1042 meruit
1296 999 1534 1044 Bonifacius
1566 1001 1651 1044 alta

602 1068 824 1125 Scandere,
855 1075 1099 1127 perpetuam
1131 1076 1339 1115 mercatus
1371 1073 1571 1127 sanguine
1601 1073 1742 1116 vitam.

509 1144 612 1188 Mihi
651 1150 790 1189 autem
828 1148 872 1190 in
911 1149 1055 1191 eadem
1093 1149 1261 1203 regione
1300 1150 1528 1192 sciscitanti
1565 1150 1616 1192 de
1656 1163 1724 1204 e0,
1763 1150 1799 1201 si
1835 1150 1938 1206 quid

390 1222 570 1265 scribere
600 1236 779 1278 possem,
811 1224 986 1267 relatum
1022 1229 1103 1269 est:
1137 1226 1270 1269 adhuc
1302 1228 1568 1283 superstitem
1601 1240 1691 1270 esse
1715 1227 1936 1282 quamdam

388 1300 607 1343 mulierem
644 1300 716 1343 sed
756 1301 841 1343 iam
879 1301 999 1344 valde
1031 1302 1307 1359 decrepitam,
1347 1317 1452 1358 quae
1481 1304 1747 1348 iureiurando
1779 1317 1937 1347 assere-

389 1377 479 1432 bat,
520 1391 563 1420 se
599 1377 863 1420 decollationi
893 1378 1039 1421 militis
1071 1379 1226 1422 Christi
1257 1380 1384 1423 fuisse
1415 1384 1689 1436 praesentem.
1741 1380 1937 1424 Dicebat-

391 1467 489 1509 que,
529 1454 660 1509 quod,
699 1467 792 1497 cum
823 1455 961 1509 gladio
991 1456 1201 1499 feriendus
1234 1460 1361 1512 esset,
1394 1471 1559 1500 sacrum
1590 1458 1795 1512 euangelii
1825 1458 1937 1501 codi-

389 1544 479 1574 cem
510 1531 639 1587 capiti
670 1546 744 1575 suo
775 1533 1034 1588 imposuerit,
1067 1537 1113 1576 ut
1143 1534 1218 1577 sub
1240 1548 1287 1577 eo
1309 1535 1436 1577 ictum
1458 1535 1714 1591 percussoris
1733 1534 1938 1591 reciperet

389 1609 560 1664 eiusque
590 1609 846 1665 praesidium
877 1609 1048 1653 haberet
1077 1611 1122 1653 in
1152 1615 1306 1666 morte,
1338 1611 1454 1654 cuius
1484 1612 1702 1657 lectionem
1734 1612 1938 1656 dilexerat

387 1686 431 1728 in
469 1686 568 1728 vita.
689 1685 901 1742 Perempti
939 1690 1036 1730 sunt
1073 1691 1213 1730 autem
1251 1692 1292 1731 et
1329 1688 1523 1745 discipuli
1560 1689 1647 1732 eius
1687 1702 1781 1732 cum
1813 1703 1860 1732 eo
1891 1689 1935 1732 in

387 1762 478 1806 loco
517 1763 588 1818 qui
618 1761 859 1818 Dockingal
889 1764 1060 1817 dicitur3
1102 1765 1174 1808 ubi
1211 1769 1356 1821 postea
1385 1766 1428 1808 in
1459 1766 1657 1809 honorem
1688 1766 1796 1809 tanti
1825 1779 1935 1810 mar-

387 1841 492 1896 tyris
538 1844 777 1883 constructa
823 1844 887 1884 est
924 1840 1096 1884 basilica
1134 1842 1306 1897 nobilis,
1353 1843 1471 1885 iuxta
1511 1856 1634 1898 quam
1673 1843 1765 1887 fons
1803 1856 1935 1898 aquae

387 1917 519 1960 dulcis
559 1921 744 1972 emanat,
785 1931 879 1961 cum
918 1918 1018 1961 alibi
1056 1932 1130 1974 per
1168 1922 1300 1962 totam
1337 1919 1547 1974 regionem
1582 1920 1699 1963 illam
1729 1920 1863 1964 salsae
1894 1923 1936 1964 et

389 2008 555 2038 amarae
587 1995 670 2037 sint
702 2009 845 2050 aquae.
892 1995 949 2038 Et
978 1995 1136 2050 ferunt,
1167 1996 1277 2038 hunc
1306 1997 1462 2040 fontem
1495 2010 1520 2040 a
1546 1996 1760 2041 Bonifacio
1790 1998 1934 2042 inven-

387 2075 476 2115 tum
517 2075 558 2114 et
596 2071 897 2114 sanctificatum
940 2086 1048 2127 esse,
1088 2073 1262 2128 ideoque
1296 2077 1415 2117 tanta
1444 2073 1659 2118 dulcedine
1688 2075 1934 2130 insignitum

388 2152 429 2191 et
459 2149 665 2205 potationi
695 2153 935 2191 cunctorum
968 2150 1069 2192 satis
1102 2151 1424 2193 accommodum.

504 2225 647 2281 Itaque
685 2226 965 2269 venerandum
996 2227 1083 2269 eius
1114 2240 1264 2283 corpus
1294 2228 1474 2284 primum
1506 2228 1695 2271 Traiecto
1725 2228 1933 2284 perlatum

388 2307 461 2346 est.
516 2303 666 2346 Postea
711 2303 762 2346 ad
804 2302 1009 2346 Fuldense
1056 2305 1353 2347 monasterium
1398 2304 1647 2348 translatum
1693 2308 1776 2360 est,
1822 2305 1933 2361 quod

387 2381 554 2436 quidem
592 2381 682 2436 ipse
722 2393 747 2423 a
782 2380 1051 2424 fundamento
1090 2384 1380 2423 construxerat
1417 2384 1458 2424 et
1494 2381 1538 2423 in
1578 2395 1658 2436 quo
1693 2386 1838 2439 pastor
1867 2383 1931 2425 in-

387 2458 508 2500 clitus
540 2457 877 2500 honestissimum
907 2471 1028 2500 verae
1050 2458 1309 2501 innocentiae
1330 2471 1498 2512 gregem
1519 2458 1746 2502 adunatum
1767 2459 1931 2503 Christo

387 2536 620 2578 devoverat.
667 2534 714 2577 In
754 2538 932 2590 quatuor
966 2548 1062 2589 ergo
1093 2535 1343 2578 felicissimis
1373 2535 1494 2589 locis,
1531 2535 1575 2577 id
1606 2539 1669 2579 est
1698 2535 1929 2592 Dockinga,

387 2612 596 2666 Traiecto,
635 2612 678 2653 in
708 2611 923 2666 Moguntia
960 2612 1082 2666 urbe,
1122 2612 1167 2654 in
1197 2612 1393 2654 Fuldensi
1423 2612 1639 2668 coenobio,
1680 2613 1790 2656 beati
1820 2627 1930 2673 mar-

386 2689 492 2745 tyris
530 2688 769 2744 praesentia
805 2689 1037 2731 visibilibus
1076 2689 1218 2731 crebro
1258 2689 1434 2731 sentitur
1470 2690 1654 2745 indiciis,
1700 2691 1744 2732 in
1782 2690 1929 2745 quibus

388 2780 462 2822 per
505 2765 822 2808 intercessiones
867 2766 954 2809 eius
1000 2766 1204 2822 plurimae
1248 2766 1446 2808 sanitates
1486 2780 1510 2808 a
1547 2766 1727 2809 Domino
1766 2766 1929 2822 aliaque

388 2846 654 2898 praestantur
685 2842 883 2886 beneficia
911 2857 1040 2899 usque
1071 2844 1116 2885 in
1146 2842 1391 2885 hodiernum
1423 2843 1533 2885 diem
1565 2876 1575 2886 .
1595 2877 1604 2886 .
1624 2877 1633 2886 .
1653 2877 1662 2886 .
1810 2835 1813 2837 ’

482 2931 514 2965 1.
547 2929 732 2966 Dokkum.
1003 2946 1030 2967 a.
1058 2937 1159 2967 Iunius
1180 2936 1227 2966 ed.
