2028 3380
349 201 456 232 πη
486 200 693 231 ARNOLm
723 201 1073 246 Anonmmscom
1103 200 1366 232 Moonwrnn
1552 187 1637 231 611

15 299 19 303 ’
71 295 222 340 est-de
246 295 392 340 multis
421 295 620 350 inserere,
652 309 734 352 que
764 296 972 351 religiosis
1005 296 1175 340 auribus
1204 295 1508 339 familiaritatis
1539 308 1640 339 eon·
1665 299 1758 335 1153

71 372 212 417 sortio'
233 385 430 417 enarrare
460 372 634 417 solebat.
682 373 837 417 Aiebat
867 374 1000 418 enim:
1036 373 1251 431 Quicquid
1279 375 1386 417 mihi
1415 390 1464 418 ex
1485 375 1640 418 honore

70 451 341 495 sacerdotalis
373 451 506 508 officii
534 453 724 494 extranei
752 454 955 506 arrident,
987 467 1073 495 non
1094 453 1218 495 valde
1236 467 1380 510 penso.
1433 452 1503 495 De
1522 452 1639 495 vobis

69 537 222 582 metent,
251 529 360 572 mibi
387 535 460 572 ac·
491 530 543 572 de
571 544 617 572 re
648 531 946 583 arridentibus,
978 544 1064 572 non
1094 532 1264 573 minime
1295 531 1439 581 doleo‚·
1471 532 1548 587 qui
1561 531 1638 572 'de-

68 607 271 650 sida-aim
306 622 444 651 meum
474 607 720 665 plenissime
758 610 886 651 scitis.
942 607 1153 651 Vetustam
1194 609 1304 651 enim
1340 623 1489 651 navem
1518 608 1637 650 vehe-

67 692 305 742 menterque
340 685 602 742 confractam
638 694 677 729 et
705 702 733 728 a
761 686 905 728 multis
936 686 1235 742 depopulatam
1267 700 1340 742 eqo
1371 686 1563 741 infirmus
1603 694 1640 728 et

67 763 269 820 indiqnus
299 765 476 821 suscepi.
520 763 712 820 Undique
743 765 853 806 enim
871 764 1029 820 fluctus
1059 765 1244 813 intrant3
1277 772 1314 806 et
1334 766 1567 806 cottidiana
1588 779 1640 806 ac

67 841 213 884 valida
250 849 488 899 tempestate
525 849 739 898 quassate,
772 842 949 898 putride
979 841 1144 884 ecclesie
1173 842 1426 898 Maquntine
1457 842 1637 897 naufra—

64 920 184 976 9ium
222 919 362 963 tabule
398 928 562 963 sonant.
610 920 804 976 Populus
836 921 946 962 enim
976 919 1044 961 hic
1073 934 1187 961 meus
1219 920 1323 962 dure
1354 921 1525 962 cervicis
1558 915 1639 962 est¹

68 1005 107 1040 st
132 998 449 1040 incircmncisus
481 993 628 1040 corde²
659 1006 697 1040 et
727 997 875 1047 labiis,·
906 1012 981 1039 nec
1012 998 1181 1040 domari
1193 1005 1333 1054 potest
1353 1006 1428 1040 aut
1448 998 1506 1039 ad
1524 999 1638 1040 viam

65 1075 328 1118 rectitudinis
365 1076 485 1128 duci,
524 1076 613 1118 nisi
649 1075 792 1118 aculeo
819 1075 1007 1132 flaqellis
1045 1076 1419 1132 scorpionibusque
1451 1076 1635 1118 cedatur.

67 1153 367 1210 Mayuntinwn
393 1155 504 1196 enim
525 1161 685 1211 oportet
705 1155 831 1210 quasi
850 1154 1119 1210 tyrannidem
1139 1152 1362 1196 exercereh.
1410 1153 1638 1210 Nusquam

66 1239 157 1274 tuta
183 1231 294 1286 fides
334 1240 404 1275 est.
454 1230 542 1285 Qui
578 1233 688 1274 enim
727 1232 855 1274 edunt
886 1246 1023 1289 panes
1061 1247 1173 1274 meos
1214 1240 1252 1274 et
1290 1234 1367 1289 qui
1395 1232 1470 1274 sub
1501 1233 1638 1289 specie

66 1309 288 1352 exhibendi
305 1310 467 1352 servitii
485 1309 591 1352 mibi
609 1310 822 1362 assistunt,
855 1311 1004 1353 sitiunt
1023 1312 1268 1366 sanquinem
1291 1325 1451 1361 meum,·
1471 1310 1639 1366 fraude

67 1396 105 1431 et
124 1389 356 1432 >domestico
394 1388 491 1430 dolo
532 1388 791 1430 observantes
822 1388 929 1430 mihi·
959 1383 1236 1430 calcaneum⁸.
1284 1388 1421 1431 Nulla
1451 1403 1547 1431 vero
1581 1397 1640 1431 est

66 1466 277 1522 ffficacior
304 1467 432 1523 pestis
465 1480 594 1522 quam
624 1467 870 1508 domesticus
892 1466 1034 1508 hostis.
1084 1467 1234 1509 Preter
1253 1467 1507 1509 voluntatem
1522 1481 1636 1523 pon-

66 1544 253 1598 tg'ficalis‘²
284 1545 420 1601 apicis
452 1558 580 1586 onera
612 1544 876 1600 laboremque
908 1553 1072 1587 coactus
1104 1547 1281 1601 suscepi.
1319 1543 1376 1587 Et
1407 1544 1636 1587 adiciebat:

68 1621 193 1676 Quod
222 1629 359 1665 autem
391 1622 519 1664 emuli
545 1623 630 1664 mei
657 1622 963 1665 maledictionis
996 1637 1047 1664 ac
1076 1624 1304 1679 impietatis
1334 1638 1516 1680 persone
1551 1638 1639 1665 mee

64 1708 208 1743 notam
237 1701 452 1757 infliyunt,
486 1708 735 1742 asserentes:
767 1716 831 1743 me
858 1701 1077 1757 prebuisse
1107 1703 1348 1754 materiam,
1384 1716 1469 1757 qua
1487 1701 1636 1757 felicis

64 1780 261 1821 memorie
286 1779 553 1836 predecessor
582 1793 695 1820 meus
725 1777 977 1821 Heinricus‘¹
998 1779 1278 1835 Maquntinus
1310 1781 1481 1822 antistes
1512 1795 1540 1821 a
1570 1781 1640 1821 sui

62 1857 300 1914 presulatus
331 1857 551 1899 decidisset
579 1856 748 1909 bonore,
782 1857 902 1899 Deus
935 1858 1012 1913 qui
1041 1858 1380 1900 absconditorum
1411 1866 1471 1900 est
1491 1860 1635 1913 coqni-

65 1943 132 1978 tor
159 1936 289 1988 novit,
323 1935 437 1991 quod
465 1936 513 1977 in
542 1935 619 1977 hoc
649 1935 838 1977 scelesto⁰
871 1943 908 1977 et
936 1935 1103 1991 nefario
1134 1936 1257 1978 verbo
1288 1937 1334 1978 in
1365 1935 1482 1978 nullo
1509 1935 1638 1977 michi

7 2027 10 2029 ·
65 2014 254 2056 conscius
284 2027 388 2055 sum.
437 2012 529 2055 Nec
558 2013 649 2055 ulla
677 2022 818 2056 reatus
849 2012 1080 2070 inputatior
1109 2029 1244 2056 meam
1274 2016 1321 2056 in
1352 2014 1430 2056 hac
1459 2029 1506 2056 re
1535 2028 1633 2056 con-

64 2093 279 2135 scientiam
315 2091 522 2143 stimulat,
563 2092 651 2133 nisi
686 2093 788 2147 quia
828 2092 901 2134 ille
932 2092 1062 2134 bonus
1094 2092 1215 2134 bomo
1249 2117 1305 2123 —
1338 2107 1431 2134 cum
1462 2094 1508 2134 in
1538 2107 1632 2134 sen-

64 2171 186 2212 tentie
220 2170 419 2227 penderet
455 2169 657 2222 articulo,
698 2170 908 2212 actoribus
948 2185 1028 2227 pro
1061 2171 1370 2227 dilapidatione
1401 2171 1567 2213 ecclesie
1597 2179 1635 2213 et

65 2247 292 2291 obedientie
321 2249 650 2304 transqressione
680 2249 833 2290 acriter
862 2250 909 2290 in
939 2250 1080 2306 ipsum
1109 2249 1340 2306 aqentibus,
1372 2263 1447 2291 nec
1468 2249 1634 2291 haberet

65 2326 179 2382 quod
196 2326 504 2369 rationabiliter
523 2333 777 2382 proponeret
796 2351 852 2357 —-—
873 2327 1097 2380 nitebatur,
1130 2336 1177 2370 ut
1197 2329 1397 2370 adversus
1418 2329 1632 2370 veritatem

63 2404 147 2447 sibi
184 2406 431 2448 assisterem.
482 2403 607 2457 Quod
645 2405 746 2460 quia
766 2404 847 2459 fas
877 2419 962 2447 non
995 2413 1085 2448 erat
1113 2406 1334 2462 manifeste
1363 2407 1532 2448 veritati
1562 2420 1630 2447 oc-

64 2497 230 2525 currere
258 2484 550 2539 pertinaciter,
591 2497 666 2524 nec
696 2483 815 2524 salva
844 2482 933 2525 Dei
959 2485 1102 2540 qratia
1134 2493 1208 2526 aut
1238 2492 1323 2526 tuto
1355 2483 1511 2525 honore
1540 2498 1629 2525 meo

63 2561 111 2603 id
133 2560 285 2616 facere
321 2561 512 2617 quibam,
553 2562 754 2617 imposuit
791 2561 897 2603 mihi
934 2577 1028 2604 cum
1069 2563 1156 2604 suis
1188 2576 1338 2604 nomen
1370 2561 1628 2617 calumpnie:

64 2639 179 2695 quod
221 2639 392 2682 honoris
437 2647 475 2682 et
518 2639 736 2696 diqnitatis
775 2653 847 2680 sue
884 2639 968 2682 sibi
1003 2640 1389 2696 supplantationem
1414 2639 1627 2694 fecissem.

159 2783 186 2805 ι.
213 2774 271 2805 hac
291 2777 321 2806 2.
445 2774 476 2805 b.
503 2776 634 2806 existere
656 2777 685 2806 1.
811 2784 837 2805 c.
865 2775 1061 2815 pontificialis
1085 2777 1114 2806 1.
1240 2776 1269 2806 d.
1301 2776 1347 2806 .N.
1364 2777 1392 2813 1,
1415 2776 1575 2807 Heinricus
1598 2779 1628 2808 2.

63 2837 90 2859 ο.
117 2828 241 2860 scelesti
262 2829 290 2858 1.
393 2828 415 2859 f.
441 2829 592 2869 inputatio
614 2831 725 2868 scripsi
741 2841 797 2868 pro
820 2829 975 2868 inpunctio
999 2830 1026 2865 1,
1050 2830 1224 2868 compuntio
1247 2831 1275 2860 2.

158 2899 192 2934 1.
221 2898 339 2935 Exod.
356 2899 414 2945 32,
432 2900 465 2935 9.
581 2900 614 2935 2.
647 2898 702 2936 Of.
727 2899 855 2935 Ierem.
874 2899 907 2944 9,
926 2900 983 2935 26.
1095 2900 1129 2935 3.
1162 2900 1223 2935 Ps.
1242 2900 1299 2946 55,
1319 2901 1358 2936 7:
1387 2900 1484 2947 „ipsi
1510 2901 1623 2937 calca·

62 2967 171 2995 neum
195 2968 316 2994 meum
340 2957 590 2995 observabunt
599 2958 629 2995 “.

1262 3025 1339 3061 39*
