2028 3386
426 206 462 239 s.
483 206 719 239 nomn-Am
747 208 807 238 ΕΤ
836 209 974 239 mnu
1004 209 1254 240 smsronffl
1286 209 1336 240 τι.
1355 209 1394 240 72
1609 198 1693 241 211

127 302 269 346 tantur
289 300 561 358 accipimus·:
593 304 782 345 nostram
807 302 1065 359 parvitatem
1084 303 1236 347 vestris
1259 303 1414 348 sanctis
1437 303 1698 348 orationibus
1723 309 1912 347 747—749

126 377 484 432 commendatam3
516 381 578 434 ut,
610 378 719 422 sicut
748 382 890 422 vestra
920 379 1158 434 benignitas
1190 381 1241 424 de
1271 381 1500 425 missarum
1530 381 1698 426 sollem-

125 453 330 499 nitatibus
373 458 417 500 et
459 455 698 500 orationum
745 456 1063 500 assiduitatibus
1101 456 1191 501 Deo
1241 458 1471 513 instigante
1510 459 1698 515 dictavit,

124 532 187 576 ita
222 545 388 589 quoque
426 536 572 577 nostra
609 532 878 577 mediocritas
920 534 1073 578 devota
1112 537 1255 578 mente
1293 535 1472 592 implere
1510 540 1697 581 conetur.

124 607 412 666 Memoriaque
448 611 632 654 nominis
669 611 799 655 vestri
829 611 875 654 in
906 611 1092 668 septenis
1123 613 1503 657 monasteriorum¹²
1534 617 1700 658 nostro-

124 699 220 731 rum
257 685 443 731 sinaxis¹
477 691 685 745 perpetua
720 688 813 743 lege
853 688 1015 732 censeri
1053 689 1200 744 debet3
1241 690 1341 745 quia
1382 691 1427 734 in
1460 692 1699 748 septenario

123 777 299 809 numero
336 765 515 822 perfecti
551 779 678 823 saepe
709 766 984 821 designantur
995 774 1022 809 ⁰.
1086 766 1164 810 His
1195 767 1338 823 itaque
1368 767 1475 812 bene
1506 769 1700 826 conposi-

123 842 181 886 tis
211 846 256 887 et
273 842 364 887 Deo
397 843 624 887 adiuvante
655 843 707 887 de
739 844 978 887 animarum
1008 843 1168 899 regulis
1198 844 1280 888 rite
1312 846 1543 903 conpositis
1575 850 1618 890 et
1648 847 1700 890 de

123 920 338 965 interioris
376 920 559 965 hominis
597 921 745 965 habitu
776 924 874 978 apte
905 921 1131 977 condictis,
1172 922 1385 966 exteriora
1423 926 1700 980 terrenaeque

124 998 386 1043 substantiae
417 998 702 1054 amminicula,
736 1013 844 1055 quae
875 999 953 1043 sub
984 1003 1132 1043 nostra
1150 1003 1361 1056 potestate
1382 999 1473 1044 Deo
1494 1001 1700 1056 largiente

121 1076 295 1120 redacta
324 1080 437 1132 sunt,
467 1076 546 1120 sub
577 1080 743 1121 vestrae
773 1076 1003 1121 voluntatis
1033 1077 1209 1121 arbitrio
1231 1077 1463 1122 continerid
1483 1078 1698 1133 volumus3

121 1153 184 1198 ita
212 1157 378 1201 tamen:
409 1157 458 1198 ut
488 1154 727 1198 orationum
757 1158 1001 1199 nostrarum
1033 1155 1243 1199 adiutoria
1272 1169 1349 1212 per
1371 1155 1700 1199 benivolentiam

122 1230 326 1275 almitatis
355 1234 522 1276 vestrae
552 1232 599 1275 in
630 1231 818 1276 ecclesiis
849 1232 931 1276 Dei
960 1233 1231 1289 stequentare
1261 1233 1440 1277 faciatis.
1501 1233 1560 1277 Et
1590 1233 1700 1277 sicut

120 1312 165 1354 te
193 1311 409 1367 pastorem
445 1309 491 1353 in
528 1309 685 1366 populo
726 1323 802 1354 suo
840 1311 1164 1367 praedistinatio
1195 1311 1278 1355 Dei
1314 1310 1407 1354 fieri
1444 1311 1599 1367 voluit,
1638 1311 1700 1354 ita

121 1390 165 1432 et
198 1400 277 1431 nos
315 1389 541 1444 patronum
581 1390 624 1431 te
662 1387 819 1431 sentire
859 1391 1134 1444 satagemus0.
1198 1388 1382 1432 Nomina
1422 1402 1588 1445 quoque
1627 1389 1698 1433 de-

119 1464 362 1509 functorum
393 1467 436 1508 et
463 1464 578 1509 viam
599 1465 883 1510 universalem
902 1466 1245 1522 ingredientium,
1278 1470 1406 1523 prout
1433 1467 1698 1524 oportunitas

120 1542 222 1587 anni
252 1541 462 1598 exigerit‘,
500 1556 553 1586 ex
583 1545 762 1599 utraque
792 1547 914 1600 parte
946 1544 1227 1599 adducentur,
1269 1547 1475 1600 quatenus
1516 1547 1564 1588 ut
1594 1545 1698 1589 deus

121 1619 296 1663 deorum
333 1622 376 1663 et
413 1619 608 1663 dominus
640 1620 970 1677 dominantium,
1012 1622 1084 1677 qui
1122 1635 1196 1665 vos
1227 1622 1273 1665 in
1305 1622 1600 1679 episcopatus⁸
1630 1636 1696 1666 re-

119 1697 262 1753 gimen
292 1710 450 1754 ponere
479 1697 626 1753 voluit,
660 1712 780 1741 suam
808 1698 975 1756 plebem
996 1699 1050 1742 ad
1071 1699 1314 1743 individuae
1335 1699 1556 1743 Trinitatis
1580 1700 1697 1755 agni-

119 1774 278 1819 tionem
310 1777 354 1819 et
382 1775 558 1818 unitatis
581 1775 862 1819 substantiam
883 1790 960 1833 per
981 1790 1056 1820 vos
1080 1777 1288 1822 adducere
1309 1778 1518 1833 dignetur.
1622 1777 1696 1820 Vi-

117 1852 250 1910 veteh,
280 1852 474 1898 felicibus
504 1851 632 1897 finem
663 1853 848 1898 clausuri
879 1854 1075 1899 calcibus.

814 1933 984 1976 s——Usi

235 2007 455 2065 Preterea,
495 2022 520 2052 o
551 2009 743 2066 piissime
782 2013 927 2066 pater,
966 2010 1044 2054 tibi
1075 2009 1360 2053 intimandum
1392 2023 1607 2054 curemus:
1647 2014 1695 2054 ut

115 2085 307 2141 gerulum
338 2087 626 2143 praesentium
655 2086 895 2130 litterarum
927 2088 1080 2131 devota
1109 2091 1251 2132 mente
1281 2101 1306 2131 a
1325 2088 1448 2132 nobis
1470 2089 1694 2132 transmis-

116 2163 235 2207 sum*
265 2164 397 2218 scias3
440 2168 482 2209 et
513 2165 622 2208 sicut
652 2163 819 2209 fidelem
849 2165 928 2209 tibi
960 2179 1052 2210 esse
1083 2165 1391 2222 comperimus,
1430 2165 1493 2210 ita
1524 2168 1566 2209 et
1597 2179 1691 2210 eum

114 2244 162 2285 tu
191 2234 425 2286 Veridicum
455 2242 501 2286 in
533 2241 727 2286 omnibus
759 2243 882 2287 nobis
914 2243 1119 2287 invenies

119 2364 201 2411 72.
234 2367 483 2424 Bon‘ffatius
513 2368 794 2426 Eadburqam
832 2369 1090 2412 abbatissam
1126 2369 1426 2412 Thanetensem
1455 2378 1579 2425 roqat
1591 2401 1604 2422 ,
1646 2378 1693 2412 ut

232 2460 314 2503 pro
345 2459 388 2488 ee
419 2454 457 2488 et
479 2461 565 2503 pro
590 2448 780 2503 payanis
810 2461 955 2503 preces
974 2446 1149 2503 faciat'.
1326 2444 1373 2498 (S
1401 2446 1467 2500 13,
1500 2444 1593 2490 WG
1618 2446 1688 2500 17)

233 2533 376 2577 Aureo
416 2534 622 2591 spiritalis
654 2535 810 2579 amoris
842 2535 1010 2579 vinculo
1044 2535 1361 2592 amplectendae
1393 2538 1435 2578 et
1466 2534 1608 2578 divino
1642 2548 1690 2579 ac
1715 2545 1901 2581 723—751

113 2610 303 2667 virgineo
334 2611 523 2656 caritatis
555 2612 696 2656 osculo
729 2613 1000 2669 stringendae
1033 2613 1168 2656 sorori
1194 2612 1482 2667 Eadburgaem
1505 2612 1689 2656 abbatis-

210 2716 238 2737 a.
268 2706 440 2745 accepimus
465 2709 509 2737 M.
583 2706 612 2737 b.
641 2708 894 2738 monosteriorum
920 2709 956 2739 V.
1031 2716 1055 2738 c.
1079 2707 1257 2745 designatur
1281 2707 1318 2737 V.
1392 2707 1422 2737 d.
1444 2707 1598 2738 continere
1616 2710 1689 2740 MC.

114 2769 141 2790 ο.
170 2772 246 2790 corr.
262 2762 293 2790 in
315 2761 487 2798 satagamus
510 2761 545 2791 C.
646 2760 667 2791 f.
696 2773 771 2791 corr.
794 2763 824 2791 in
847 2762 981 2800 exegerit
1005 2763 1038 2792 C.
1139 2769 1166 2798 g.
1196 2760 1390 2799 episcopatos
1413 2763 1459 2791 M.
1553 2760 1583 2791 h.
1612 2773 1688 2791 corr.

113 2814 143 2843 ἰπ
164 2813 258 2843 vivite
279 2814 314 2845 C.
402 2814 423 2843 i.
446 2821 559 2843 s—us
582 2825 638 2843 om.
661 2816 735 2846 MC.
819 2814 849 2845 k.
872 2826 948 2845 corr.
972 2816 1001 2844 in
1023 2813 1218 2843 transmisum
1240 2814 1276 2843 V.
1361 2813 1381 2843 l.
1404 2825 1442 2844 ex
1465 2816 1504 2844 M
1516 2814 1581 2845 85v
1595 2815 1688 2850 -86,

114 2867 142 2897 C
161 2866 226 2896 67υ
240 2867 331 2902 -68,
358 2866 390 2897 V
401 2866 455 2896 7υ.
487 2868 628 2897 Lemma.-
650 2867 726 2898 Item
747 2868 878 2907 epistola
895 2867 1044 2897 Bonifacii
1066 2866 1290 2905 archiepiscopi
1312 2867 1416 2898 MCV.
1521 2876 1559 2897 m.
1589 2867 1688 2898 Aead-

111 2918 206 2957 burge
228 2921 263 2951 C.

209 2971 241 3006 1.
274 2970 487 3018 synaxibus,
513 2972 536 3007 i.
555 2981 587 3008 e.
613 2972 829 3019 religionum
855 2971 1092 3010 sollemnibus
1118 2970 1263 3016 (officiis
1288 2971 1574 3016 ecclesiasticis).

1320 3036 1400 3073 14*
