2028 3380
429 198 516 241 640
698 210 803 239 ν1ΤΑ
834 208 1038 239 ARNOLm
1068 208 1413 240 AROHOEPISCOPI
1442 209 1701 240 MOGUNTINI

310 310 401 345 1159
428 307 469 347 et
499 304 597 359 quia
624 302 662 345 ei
681 301 928 345 familiarior
949 304 1051 344 erat.
1097 300 1154 345 Et
1174 315 1294 344 suum
1314 302 1554 358 hospitium,
1585 303 1721 346 medio
1742 302 1787 347 111
1808 301 1973 358 publico

317 358 391 388 De&
427 394 502 437 pro
542 379 673 436 ipsius
712 378 857 435 oppidi
892 377 1050 421 foribus
1089 391 1240 433 magno
1278 379 1479 422 macerie‘*
1519 380 1668 423 robore
1705 381 1894 436 septum,
1934 383 1976 423 et

426 455 705 498 multitudinis
744 458 834 498 erat
865 455 1056 511 capacius
1089 458 1151 510 et,
1193 455 1235 497 in
1268 455 1482 499 cuiusdam
1514 456 1612 499 valli
1643 456 1974 513 eminentiaspa-

426 532 538 575 tulab
569 532 794 587 consitum,
825 532 1003 575 liberum
1035 532 1298 577 cernentibus
1327 532 1638 589 longioremque
1668 534 1823 590 passim
1853 532 1974 590 polli-

426 610 596 653 cebatur
626 610 839 652 intuitum.

546 675 680 729 Tanta
710 691 850 730 autem
880 686 942 729 vis
974 686 1125 741 algoris
1157 686 1369 740 regionem
1400 686 1516 730 illam
1549 690 1591 729 et
1621 700 1786 730 omnem
1806 685 1975 730 meridi-

427 777 550 806 anam
582 764 750 820 plagam
781 777 829 807 ea
858 767 1106 820 tempestate
1137 767 1453 819 compresserat,
1484 767 1532 806 ut
1561 767 1603 807 et
1633 777 1760 819 aqua,
1790 763 1836 806 in
1865 766 1975 807 terre

427 841 650 885 duritatem
689 845 852 896 coacta,
894 841 1095 883 solidum⁰
1128 841 1283 897 plantis
1314 841 1394 884 iter
1423 841 1637 897 prebuerit
1665 865 1721 871 —-
1750 840 1860 897 quod
1888 839 1976 883 illic

426 922 735 962 monstruosum
766 922 830 962 est
853 942 905 947 -—
930 922 983 973 et,
1015 931 1155 960 rerum
1186 918 1276 972 lege
1307 917 1506 972 mutatad,
1528 917 1819 961 meridionales
1841 916 1976 960 coloni

426 996 470 1038 in
501 996 706 1052 aquilonis
738 995 904 1038 climate
936 1008 979 1037 se
1011 995 1195 1038 hiemare
1225 995 1534 1038 contenderent.

543 1073 852 1130 Hospitalitatis
890 1072 1018 1126 igitur
1064 1072 1240 1128 expletis
1281 1071 1450 1127 officiis,
1490 1072 1588 1115 dum
1628 1085 1778 1118 aurora
1815 1071 1977 1127 'spargit

426 1151 568 1207 polum
599 1151 803 1205 terrisque
834 1149 1039 1192 illabitur⁰
1072 1148 1191 1204 dies‘,
1223 1163 1348 1205 super
1378 1150 1543 1204 negotio
1576 1149 1722 1192 domni
1743 1147 1976 1207 Maguntini

425 1227 634 1284 principes
673 1229 954 1270 convenerunt
989 1227 1034 1268 in
1065 1240 1213 1279 unum;
1256 1226 1430 1281 quilibet
1466 1226 1598 1282 ipsius
1636 1226 1981 1279 iniuriamftanF

427 1318 552 1359 quam
591 1318 709 1347 suam
747 1304 944 1360 prosequi
982 1303 1165 1359 cupiens.
1221 1303 1303 1346 Sed
1343 1302 1568 1347 obsidionis
1599 1303 1717 1346 labor
1747 1306 1871 1358 atque
1902 1316 1976 1346 an-

425 1382 559 1424 xietas
593 1381 751 1437 aliquot
779 1380 1003 1423 resistebat
1035 1380 1200 1434 diebus;
1233 1393 1309 1422 nec
1340 1380 1516 1422 dabatur
1547 1377 1690 1434 otium,
1721 1383 1768 1422 ut
1800 1380 1975 1425 domnus

424 1459 653 1515 imperator
698 1458 792 1501 huic
838 1457 973 1499 malog
1010 1457 1244 1513 imponeret
1284 1457 1469 1500 debitum
1505 1456 1643 1506 finem.
1763 1457 1850 1500 Neo
1886 1457 1975 1500 sine

425 1520 575 1590 magno
617 1535 752 1578 cordis
793 1535 934 1577 dolore
971 1534 1230 1577 transibanth
1269 1535 1500 1590 principes,
1541 1534 1762 1590 presertim
1799 1533 1974 1588 Magun-

424 1614 512 1657 tine
552 1612 723 1656 ecclesie
760 1612 971 1666 homines,
1010 1615 1171 1654 tantam
1208 1611 1417 1654 iniuriam.
1467 1610 1834 1666 Conquerebantur
1864 1611 1975 1672 enim

426 1690 571 1733 sedula
601 1690 849 1732 contritione
882 1689 1083 1731 altissimo
1115 1688 1224 1743 Deo,
1266 1689 1375 1744 quod
1412 1689 1697 1733 huiuscemodi
1727 1689 1974 1732 conditionis

426 1769 506 1811 viri
544 1772 632 1811 tam
669 1767 939 1810 temerarium
978 1770 1020 1809 et
1057 1766 1327 1808 criminosum
1366 1766 1526 1808 facinus
1564 1766 1608 1808 in
1647 1769 1734 1808 tam
1766 1766 1974 1809 excelsum

425 1845 658 1902 principem
697 1844 1043 1899 magnificumque
1084 1843 1457 1899 archiepiscopumi
1490 1846 1531 1885 et
1568 1843 1610 1885 in
1650 1847 1737 1886 tam
1766 1843 1974 1887 nobilissi-

426 1937 537 1966 mam
569 1922 709 1965 sedem
749 1923 1088 1977 attemptassent3
1130 1921 1376 1975 adicientes,
1418 1920 1548 1975 quod,
1590 1920 1737 1963 siiam
1762 1921 1835 1963 fas
1866 1924 1975 1964 esset

427 2004 468 2044 et
503 2000 585 2042 nisi
623 2013 697 2056 per
733 1999 1030 2055 imperatorem
1068 1998 1286 2040 dumtaxat
1331 1998 1588 2052 omitterent,
1636 1997 1810 2040 diversis
1854 1998 1973 2054 penis

427 2076 631 2131 affectosk,
670 2076 828 2131 laqueis
868 2089 1010 2118 eorum
1048 2079 1217 2130 guttura
1247 2075 1604 2129 constringerent¹,
1646 2078 1688 2117 et
1718 2075 1845 2117 variis
1875 2089 1974 2131 sup·

425 2155 562 2212 pliciis
595 2156 708 2197 actos
718 2153 747 2208 k,
781 2153 1041 2196 diversarum
1071 2165 1224 2207 genera
1253 2165 1456 2208 penarum
1487 2152 1786 2208 experirentur.

203 2246 271 2274 ante
287 2244 359 2274 Dec.
374 2245 412 2274 25
545 2231 753 2285 Tandem,
801 2243 896 2273 cum
935 2229 1174 2285 sollempnis
1214 2229 1494 2272 sacratissime
1532 2228 1763 2272 nativitatis
1802 2229 1974 2272 Domini

426 2313 540 2352 ortus
571 2310 751 2363 urgeret,
782 2310 906 2350 nacta
937 2307 1216 2363 oportunitate
1245 2330 1298 2337 —
1329 2307 1374 2349 in
1403 2306 1540 2349 medio
1571 2305 1746 2349 exhibiti
1775 2319 1869 2350 cum
1901 2306 1973 2349 ob-

424 2386 543 2429 iectis
581 2384 833 2442 respondere
870 2384 1109 2439 nequirent,
1149 2397 1225 2426 nec
1265 2388 1375 2426 esset
1404 2383 1650 2426 conveniens
1683 2397 1824 2426 eorum
1856 2384 1972 2427 testi-

425 2464 631 2516 monium3
672 2465 714 2505 et
744 2476 796 2505 ex
827 2461 1066 2518 principum
1097 2461 1304 2504 sententia
1333 2461 1479 2503 mortis
1512 2467 1647 2516 penem
1680 2461 1816 2504 addici
1847 2474 1972 2517 super

425 2540 633 2583 horrenda
672 2553 747 2582 sua
784 2539 1096 2595 presumptione
1137 2539 1322 2581 universi
1361 2538 1557 2580 deberent
1589 2561 1643 2566 --
1675 2537 1873 2581 iudicium
1913 2538 1972 2580 sic

425 2621 631 2660 mutatum
659 2619 723 2660 est
741 2616 786 2659 in
807 2616 1044 2658 consilium:
1076 2619 1123 2658 ut
1142 2616 1238 2671 ipsi,
1260 2614 1497 2658 omnimoda
1518 2614 1799 2657 satisfactione
1821 2614 1970 2657 domno

426 2695 621 2751 episcopo
659 2694 704 2736 in
740 2693 1027 2737 misericordia
1065 2692 1132 2736 vel
1160 2692 1314 2735 iudicio
1345 2691 1664 2747 respondentes,
1705 2692 1812 2734 sicut
1841 2691 1969 2734 vitam

521 2845 548 2866 a.
577 2836 719 2866 materiae
741 2838 769 2866 2.
865 2836 895 2865 b.
922 2835 1025 2874 patulo
1049 2836 1076 2865 1.
1177 2843 1202 2864 6.
1231 2834 1349 2864 8011111111
1373 2834 1400 2863 1.
1501 2832 1530 2862 (1.
1557 2833 1712 2862 immutata
1733 2834 1761 2862 2.
1858 2842 1884 2862 e.
1912 2832 1970 2861 illi-

425 2888 513 2918 batur
535 2891 562 2919 1.
646 2889 667 2919 f.
698 2901 754 2919 om.
769 2890 798 2919 2.
882 2897 910 2926 g.
938 2888 1027 2917 modo
1047 2890 1075 2917 2.
1158 2888 1188 2917 h.
1217 2887 1401 2917 transiebant
1423 2888 1450 2922 1,
1472 2886 1678 2923 transigebant
1695 2888 1723 2915 2.
1805 2886 1825 2915 i.
1855 2886 1969 2924 episco-

425 2951 497 2980 pum
512 2944 539 2971 2.
644 2942 672 2971 k.
701 2944 755 2972 sic.
860 2942 880 2971 l.
909 2941 1128 2978 confringerent
1151 2941 1178 2970 1.
1277 2949 1319 2971 m.
1347 2948 1425 2978 pena
1446 2941 1475 2969 1.
