2028 3386
445 206 481 238 s.
503 206 740 238 nomam-11
769 207 828 236 Εἰ·
857 206 996 237 mmm
1025 205 1276 237 EPISTOLAE
1310 205 1348 235 70
1595 191 1681 235 207

111 300 259 345 solum*
290 313 378 344 non
416 303 600 355 arguunt
636 300 710 344 sed
750 300 879 344 etiam
916 303 1184 343 venerantur.
1239 299 1298 343 Et
1332 298 1426 343 ideo
1464 297 1685 342 minaciter
1770 302 1848 358 748.

111 377 355 436 superbiam
391 377 543 421 talium
581 391 720 421 sermo
760 377 928 421 divinus
969 374 1190 421 contundit
1220 377 1384 420 dicens:
1426 377 1510 420 Vae
1538 385 1685 433 pasto-
1708 352 1780 391 p⁰⁸t
1790 351 1902 381 Mamm

110 456 227 499 ribus
258 455 424 499 Israhel
435 452 457 498 ¹.
504 455 563 498 Et
598 455 778 499 iterum:
817 456 1053 512 Propterea
1091 464 1302 511 pastores,
1345 456 1488 498 audite
1516 454 1686 497 verbum

109 533 303 577 Domini.
349 533 468 576 Haec
505 534 609 576 dicit
637 534 874 576 Dominus:
917 533 1063 584 „Ecce
1102 547 1176 588 090
1215 534 1307 589 ipse
1337 547 1464 589 super
1489 540 1685 589 pastores

108 612 326 668 requiram
352 625 522 668 yreqem
551 625 687 653 meum
718 612 769 653 de
798 625 929 653 manu
961 624 1116 662 eorum,
1151 618 1189 652 01
1219 624 1380 652 cessare
1412 624 1478 652 eos
1497 610 1683 665 faciam,

109 697 159 732 ut
184 688 301 732 ultra
330 702 417 732 non
444 697 625 745 pascant
653 702 822 745 yreqem
850 702 925 730 1100
940 695 1127 744 pascant
1146 687 1329 743 amplius
1351 696 1476 730 semet
1494 683 1683 743 ipsos“².

110 763 230 817 Quod
261 765 362 821 quid
393 768 459 809 est
489 764 617 821 aliud,
650 778 798 822 quam:
830 766 1045 817 Pastores,
1081 766 1158 821 qui
1186 773 1310 807 semet
1338 766 1454 821 ipsos
1482 779 1568 807 non
1586 778 1684 820 91·0-

107 858 180 901 900
208 852 404 901 pascunt,
437 844 489 886 de
517 844 771 886 sublimitate
801 843 973 886 honoris
1004 843 1114 885 inter
1143 842 1344 899 reprobos
1368 850 1405 884 01
1424 843 1534 884 inter
1553 841 1684 884 male-

109 922 242 964 dictos
273 921 518 978 proiciam?
560 920 631 963 Ad
667 919 772 964 haec
810 919 954 962 omnia
990 918 1084 974 quis
1116 932 1202 962 non
1231 918 1540 974 intremescat⁰,
1577 917 1684 961 nisi*

111 998 184 1055 qui
219 997 364 1042 futura
401 1011 488 1042 non
524 997 670 1042 credit.
733 997 923 1052 Omnia⁰‚
965 1010 1072 1052 quae
1114 996 1229 1040 Deus
1268 996 1403 1039 voluit
1445 995 1683 1050 observare,

109 1079 198 1119 tam
229 1075 402 1133 aperte*
431 1075 595 1132 posuit,
628 1075 695 1118 sui
724 1074 909 1118 nominis
942 1074 1192 1117 auctoritate
1222 1073 1428 1128 firmavit,
1460 1075 1508 1115 ut
1540 1086 1590 1116 ea
1621 1072 1684 1115 fa-

110 1152 231 1197 cilius
263 1177 316 1183 —
353 1152 465 1209 quod
501 1152 617 1195 dictu
655 1165 820 1208 quoque
856 1152 974 1196 nefas
1007 1155 1072 1195 est
1102 1176 1158 1181 —
1191 1154 1509 1194 contemnamus
1543 1163 1683 1205 quam,

111 1243 190 1274 nos
220 1244 307 1274 non
337 1229 583 1285 intellegere
612 1233 702 1273 tam
734 1233 883 1287 aperta
913 1232 956 1273 et
986 1229 1144 1286 divina,
1176 1229 1429 1272 mentientes
1459 1227 1682 1282 fingamus.

109 1307 285 1360 Quando
318 1308 554 1352 audimus⁰:
587 1309 705 1351 Haec
728 1310 833 1351 dicit
851 1308 971 1351 Deus
981 1306 1005 1361 f,
1040 1307 1134 1362 quis
1161 1306 1351 1350 futurum
1374 1319 1466 1349 esse
1488 1318 1572 1348 non
1595 1317 1684 1348 cre-

109 1385 203 1442 dat,
236 1385 350 1443 quod
380 1385 484 1429 dicit
513 1385 654 1441 1)0118,
693 1385 778 1429 11181
810 1385 882 1441 qui
913 1385 1003 1428 Deo
1034 1398 1121 1427 non
1151 1384 1311 1428 credit?
1350 1383 1514 1427 Horum
1545 1386 1587 1426 et
1618 1382 1684 1425 his

66 1512 69 1513 ⁷
109 1463 313 1507 similium
342 1462 679 1507 consideratione
709 1463 961 1520 perterritus
994 1476 1110 1517 sum,
1144 1464 1186 1506 01
1213 1462 1341 1505 timor
1372 1464 1414 1505 et
1433 1464 1592 1504 tremor
1614 1474 1685 1504 ve-

108 1544 265 1586 nerunt
300 1554 428 1598 super
465 1554 555 1596 me,
602 1544 645 1584 et
684 1553 793 1597 pene
832 1543 1111 1584 contexerunt
1148 1553 1216 1583 me
1256 1542 1528 1596 peccatorum
1567 1551 1683 1581 meo-

108 1632 206 1662 rum
249 1618 449 1663 tenebrae
464 1614 493 1674 3,
541 1621 584 1661 01
621 1618 752 1661 8011101
799 1621 1043 1674 susceptum
1089 1616 1443 1672 gubernaculumg
1482 1615 1685 1660 ecclesiae

109 1695 304 1741 libuisset
332 1695 587 1753 placuisseth
609 1695 713 1738 mihi
738 1695 908 1738 omnino
930 1695 1156 1751 dimittere,
1190 1695 1227 1738 si
1247 1694 1434 1738 valerem
1454 1693 1522 1737 vel
1544 1707 1686 1737 exem-

110 1773 184 1831 pla
221 1776 393 1831 patrum
422 1773 491 1817 vel
521 1773 753 1829 scripturas
785 1785 927 1816 sacras
956 1776 1260 1816 consentaneas
1292 1771 1555 1815 invenirem⁵.
1619 1770 1685 1814 Id-

110 1851 243 1907 circo,
273 1851 405 1896 frater
435 1851 677 1905 carissime,
711 1849 835 1906 quiak
866 1850 969 1894 haec
1000 1850 1142 1894 omnia
1171 1851 1233 1893 ita
1263 1863 1308 1893 se
1339 1849 1509 1904 habent,
1542 1852 1585 1892 et
1614 1862 1685 1892 ve-

109 1929 216 1973 ritas
252 1929 424 1984 fatigari
459 1931 602 1986 potest
637 1928 750 1971 vinci
791 1931 932 1971 autem
971 1931 1013 1971 et
1050 1927 1142 1971 falli
1181 1941 1268 1970 non
1306 1930 1467 1984 potest,
1506 1926 1686 1981 fatigata

110 2021 231 2051 mens
261 2010 408 2051 nostra
429 2005 644 2061 confugiat
666 2005 735 2048 ad¹
756 2005 890 2061 illum,
925 2006 997 2061 qui
1017 2019 1094 2062 per
1116 2004 1384 2048 Salomonem
1407 2004 1530 2047 dicit:
1563 2004 1687 2047 Habe

100 2086 310 2141 fiduciam
339 2087 387 2129 in
416 2084 606 2128 Domino
639 2099 689 2127 ex
720 2093 803 2127 1010
836 2085 961 2127 corde
991 2092 1076 2137 tuo,
1119 2092 1156 2126 01
1185 2099 1237 2126 ne
1266 2085 1467 2126 innitaris
1492 2084 1685 2139 pruden-

111 2164 196 2206 tiae
225 2172 334 2206 tuae.
397 2162 451 2205 In
489 2163 680 2205 omnibus
719 2163 800 2204 viis
841 2164 922 2204 tuis
963 2164 1102 2219 coyita
1142 2162 1285 2214 illum,
1328 2170 1367 2204 01
1403 2163 1494 2217 ipse
1534 2162 1687 2216 diriqet

108 2255 277 2297 qressus
309 2236 450 2290 tuos⁴3
490 2242 533 2283 01
573 2239 695 2283 alibi:
746 2239 898 2282 Turris
918 2239 1165 2295 fortissima
1204 2253 1354 2281 nomen
1385 2238 1570 2281 Domini
1576 2254 1590 2288 ,·
1630 2239 1689 2280 ad

111 2320 252 2375 ipsam
282 2318 473 2375 confuyit
498 2319 647 2371 iustus,
681 2326 719 2361 01
739 2314 1009 2360 8αἰυαόἱιιινῧ.
1059 2315 1227 2359 Stemus
1249 2315 1294 2358 in
1315 2315 1479 2358 iustitia
1501 2317 1542 2357 et
1562 2327 1686 2371 prae-

111 2408 311 2452 paremus
342 2394 505 2438 animas
535 2397 703 2438 nostras
736 2394 789 2438 ad
825 2395 1168 2451 temptationem,
1208 2396 1256 2436 ut
1293 2392 1576 2436 sustineamus
1618 2405 1687 2435 su-

114 2472 413 2516 stentationem
443 2471 546 2527 Dei,
590 2475 631 2516 et
670 2472 859 2516 dicamus
892 2472 952 2515 ei:
993 2473 1199 2524 Domine,
1233 2471 1445 2527 rqfuyz'um
1464 2470 1614 2526 jactus
1647 2485 1687 2512 08

112 2551 233 2594 nobis
264 2566 292 2593 a
318 2552 584 2607 yeneratione
616 2559 653 2593 01
680 2546 918 2607 proyem'es'.
982 2547 1251 2591 Confidamus
1282 2548 1327 2589 in
1359 2560 1476 2601 eum,
1510 2547 1581 2602 qui
1612 2560 1688 2590 no-

113 2627 178 2671 bis
210 2640 315 2670 onus
344 2627 544 2684 inposuit.
608 2627 727 2679 Quod
757 2640 834 2684 per
865 2639 941 2669 nos
973 2629 1144 2683 portare
1174 2638 1259 2668 non
1297 2637 1545 2681 possumuS‚
1586 2637 1686 2681 por-

211 2731 238 2752 a.
266 2723 430 2752 tremescat
451 2723 498 2758 M,
518 2723 572 2761 Sp.
697 2721 728 2752 b.
754 2722 803 2752 nis
825 2724 871 2751 M.
998 2730 1024 2750 0.
1054 2720 1109 2750 8οᾱ
1132 2720 1232 2750 omnia
1252 2721 1306 2758 Sp.
1422 2719 1450 2749 d.
1481 2720 1585 2758 apeste
1609 2719 1686 2750 MV.

115 2785 142 2806 e.
168 2775 338 2806 audivimus
362 2777 408 2805 M.
491 2774 513 2805 f.
540 2775 681 2805 dominus
705 2777 739 2806 C.
823 2783 851 2812 g.
873 2774 958 2804 navis
981 2776 1114 2813 sequitur
1138 2785 1188 2812 ap.
1210 2774 1263 2812 Sp.
1348 2773 1378 2803 11.
1400 2772 1626 2811 placuissetque
1652 2774 1687 2807 C,

114 2829 273 2868 plicuisset
296 2830 334 2866 V,
357 2829 384 2858 si
404 2828 543 2858 licuisset
563 2829 616 2867 Sp.
722 2829 741 2858 i.
770 2828 905 2858 invenire
931 2827 967 2863 V,
990 2829 1044 2866 Sp.
1149 2825 1178 2855 k.
1209 2834 1285 2864 quae
1311 2826 1346 2856 V.
1452 2825 1473 2855 l.
1503 2825 1540 2855 ab
1565 2828 1610 2856 M.

212 2894 244 2929 1.
271 2891 403 2928 Ezeoh.
421 2891 479 2938 34,
493 2893 526 2927 2.
624 2892 658 2928 2.
684 2891 817 2927 Ezeoh.
836 2891 893 2936 34,
912 2891 1017 2925 9.10.
1116 2890 1150 2924 3.
1176 2890 1221 2925 v.
1238 2890 1297 2924 Ps.
1317 2889 1373 2933 54,
1387 2889 1421 2925 6.
1518 2889 1552 2924 4.
1579 2890 1686 2925 Prov.

116 2952 150 2997 3,
168 2952 201 2987 5.
216 2952 249 2987 6.
348 2952 382 2987 5.
415 2951 461 2987 v.
488 2951 746 2996 Prov.18,10.
844 2952 878 2986 6.
911 2950 956 2985 v.
983 2949 1118 2994 Ps.89‚
1138 2949 1169 2984 1.
