2028 3380
389 207 425 239 8.
447 206 682 238 BomA'rn
710 207 771 238 Εἰ·
799 206 937 237 Ltmm
966 206 1216 238 EPISTOLAE
1248 205 1318 235 132.
1341 204 1400 234 133
1585 192 1672 236 299

108 313 398 348 uxoremfnon
429 301 734 346 demittendum
762 301 920 357 absque
939 301 1231 345 fornicationis
1251 315 1379 346 causa
1398 300 1636 359 preciperet
1649 296 1670 342 ¹.
1697 304 1886 341 755-786

108 380 372 437 Augustinus
410 394 530 436 vero,
570 392 664 423 cum
705 379 958 423 sententiam
991 379 1190 422 eandem⁰
1221 379 1443 423 salvatoris
1474 379 1673 422 diuturna

106 458 358 502 tractatione
388 457 655 513 ventilasset,
694 457 800 500 nihil
830 456 956 514 plane
988 456 1309 512 elucedationis,
1351 461 1464 502 certe
1503 459 1673 500 nostrae

108 536 278 580 omnino
308 535 607 580 teneritudinib
638 534 860 592 captabile,
891 534 1074 592 profert3
1107 535 1181 578 sed
1210 535 1290 578 hoc
1320 536 1366 578 in
1397 538 1585 580 extremo
1609 534 1672 577 di-

103 612 250 670 cebat,
273 614 385 671 quia,
419 614 626 670 quomodo
656 616 901 671 preceptum
935 612 1014 656 hoc
1045 612 1266 656 salvatoris
1293 614 1426 670 accipi
1447 613 1671 667 debuisset,

106 690 504 736 latebrosissimam⁰
525 691 660 735 adhuc
680 704 900 749 superesse
922 690 1197 747 questionem,
1220 704 1552 734 commemorans
1572 703 1671 734 vero

106 769 327 814 mulierem
359 770 411 814 ab
443 769 732 814 accusationed
754 769 977 813 Iudeorum
1008 783 1034 812 a
1053 768 1236 812 Domino
1256 769 1480 812 liberatam
1489 776 1517 825 ⁹,
1550 769 1670 812 dicit:

73 855 75 862 '
106 861 192 892 non
228 848 340 892 male
377 848 441 892 illi
479 848 561 891 viri
591 848 758 891 mulieri
788 847 889 891 licet
918 847 962 890 in
995 846 1249 890 adulterium
1280 847 1399 904 lapse
1430 847 1673 891 conciliare-

105 930 189 970 tur.
251 920 407 970 Beatus
438 939 538 970 vero
568 925 653 969 Leo
684 923 841 983 papa':
874 926 1090 981 feminam,
1122 929 1246 983 capto
1279 926 1331 969 ab
1362 925 1552 969 hostibus
1583 938 1672 968 ma-

106 1005 204 1060 rito,
235 1008 409 1061 cogente
440 1004 666 1048 solitudine
696 1003 1010 1061 inculpabiliter
1042 1003 1162 1047 alteri
1193 1017 1319 1061 posse
1343 1003 1546 1061 copulari,
1578 1016 1671 1046 cum

107 1083 402 1141 desperaretur
432 1086 602 1140 captus;
635 1085 677 1126 et
705 1095 874 1126 reverso
903 1082 1012 1126 forte
1039 1082 1193 1139 priore,
1225 1085 1467 1140 separatam
1488 1096 1513 1125 a
1533 1085 1673 1139 poste-

106 1161 239 1216 riore,
270 1160 497 1219 principali
526 1160 716 1216 restitui,
749 1144 904 1204 dicens.
968 1160 1051 1203 Ibi‘
1082 1160 1313 1203 notandum
1345 1161 1525 1216 videtur,
1563 1160 1675 1216 quod

106 1239 252 1283 statim
283 1239 500 1283 destitutio
530 1239 719 1294 coniugis
750 1238 936 1282 nubendi
966 1238 1181 1282 licentiam
1211 1239 1380 1293 tribuit3
1414 1239 1526 1296 apud
1557 1238 1674 1282 Essi-

107 1317 255 1361 dorum
293 1330 392 1361 vero
427 1317 495 1361 vel
525 1317 809 1361 Iheronimum
840 1317 1022 1374 proditio
1053 1317 1233 1361 foederis
1266 1317 1497 1372 coniugalis
1528 1317 1674 1360 matri-

105 1395 293 1439 monium
326 1398 506 1453 separat.
555 1394 664 1447 Quid
696 1409 794 1451 ergo
826 1395 1011 1452 supersit
1041 1395 1228 1450 coniugi,
1269 1402 1418 1451 quemg
1447 1395 1514 1439 vel
1548 1409 1673 1452 quam

107 1473 288 1517 solitudo
325 1477 574 1532 perurguet,
614 1474 651 1517 si
683 1477 725 1517 et
754 1473 942 1517 Hisidori
973 1473 1039 1517 vel
1070 1473 1306 1517 Hieronimi
1338 1487 1387 1517 ac
1415 1473 1570 1517 Leonis
1602 1475 1674 1518 de-

107 1555 269 1596 cretum
298 1552 410 1607 iuste
441 1552 625 1596 creditur
656 1565 747 1595 esse
773 1551 1016 1607 tenendum,
1048 1552 1130 1595 nisi
1151 1556 1199 1595 ut
1219 1566 1263 1595 se
1284 1552 1554 1596 matrimonio
1576 1566 1674 1596 con-

58 1640 66 1651 '
106 1630 255 1685 iungat
285 1630 473 1685 alterius,
505 1643 572 1673 me
602 1630 738 1673 fateor
768 1630 977 1685 ignorare.
1029 1629 1237 1673 Bonitatis
1267 1630 1397 1685 igitur
1424 1634 1590 1675 vestrae
1611 1631 1675 1674 di-

107 1708 349 1764 gnationem
394 1722 471 1765 per
517 1708 758 1763 caritatem,
807 1722 890 1764 qua
929 1707 1121 1751 Christus
1158 1708 1274 1752 Iesus
1313 1722 1479 1765 semper
1520 1709 1674 1765 ubique

106 1786 298 1830 membra
328 1799 405 1830 sua
434 1786 515 1830 sibi
541 1786 740 1844 copulare
760 1787 978 1843 probatur,
1010 1786 1291 1842 obsecramus,
1323 1789 1372 1829 ut
1390 1787 1674 1842 ignorantiam

106 1867 295 1908 nostram
326 1861 398 1908 ac³
429 1864 481 1908 de
510 1878 571 1920 re,
604 1865 664 1908 sic
684 1864 867 1908 Domino
899 1865 1223 1922 possibilitatem
1252 1865 1471 1921 largiente,
1502 1866 1673 1909 inlumi-

105 1956 210 1986 nare
240 1942 490 1998 dignemini3
523 1946 572 1986 ut
602 1942 747 1986 audire
779 1957 804 1986 a
834 1946 1149 1987 remuneratore
1178 1947 1382 2001 perpetuo
1405 1945 1671 1988 mereamini:

106 2021 227 2079 Euqe
256 2036 371 2064 serve
391 2018 518 2078 bouq*
539 2023 581 2064 et
600 2024 752 2065 cetera.
844 2020 996 2065 Valere
1016 2021 1319 2066 beatitudinem
1342 2026 1523 2066 vestram
1533 2023 1563 2078 h,
1595 2037 1672 2080 pro

106 2098 228 2142 nobis
257 2099 599 2155 intercedentem,
633 2102 675 2142 et
703 2099 749 2142 in
770 2098 937 2143 Christo
967 2100 1103 2155 magis
1136 2113 1184 2143 ac
1205 2102 1340 2156 magis
1361 2100 1576 2158 proficere,
1607 2101 1672 2144 in-

107 2177 238 2233 tegris
269 2177 487 2222 desideriis
519 2180 727 2234 optamus.

512 2255 793 2299 Offerenda
822 2254 972 2299 Lullo
1003 2256 1268 2314 episcopo.

114 2379 229 2428 133.
258 2382 493 2425 Monachue
516 2384 690 2440 quidam
706 2382 879 2425 [sallum
900 2385 1141 2440 episcopum
1160 2385 1308 2426 veteris
1330 2386 1539 2426 amicitiae
1561 2399 1671 2427 com-

256 2460 508 2517 monefacit‘.
1128 2460 1174 2514 (S
1198 2462 1268 2515 88,
1300 2459 1353 2504 W
1379 2462 1475 2516 123,
1508 2460 1543 2504 G
1572 2462 1670 2516 112)

161 2543 205 2588 ÷
235 2542 509 2588 Sanctissimo
548 2546 674 2600 atque
706 2542 943 2587 venerabile
974 2544 1171 2601 episcopo
1201 2543 1323 2587 Lullo
1354 2558 1499 2588 servus
1531 2559 1672 2589 servo·
1698 2551 1885 2587 755—786

108 2635 203 2665 rum
233 2621 314 2666 Dei
345 2622 590 2666 visceralem
619 2622 665 2665 in
695 2622 876 2665 Domino
909 2620 1100 2665 salutem.

205 2721 233 2742 a.
264 2711 393 2742 eundem
418 2712 453 2741 V.
564 2711 593 2742 b.
625 2712 828 2742 teneritudine
855 2711 890 2741 V.
1002 2720 1027 2740 c.
1054 2710 1114 2740 late
1136 2711 1343 2749 prosissimam
1369 2712 1404 2741 V.
1510 2712 1540 2742 d.
1568 2722 1671 2743 accus-

110 2765 227 2795 satione
251 2766 287 2796 V.
372 2775 397 2795 e.
424 2764 584 2796 liberatum
608 2766 644 2796 V.
726 2765 747 2795 f.
775 2776 881 2795 manus
901 2766 1050 2803 posterior
1072 2766 1201 2794 correxit
1221 2766 1251 2794 ίη
1273 2764 1334 2794 ubi.
1421 2774 1450 2803 g.
1479 2774 1609 2806 qumque
1634 2768 1670 2798 V.

109 2818 141 2849 h.
168 2820 303 2850 nostram
327 2819 363 2850 V.
460 2819 480 2849 i.
508 2831 547 2849 et
570 2820 601 2850 V
619 2819 788 2850 56v-57.
820 2820 889 2850 Sine
911 2819 1057 2848 lemmate.

205 2871 238 2906 1.
272 2870 317 2908 V.
344 2870 472 2907 Matth.
491 2871 547 2916 19,
565 2871 598 2906 9.
695 2871 729 2906 2.
761 2871 799 2906 in
824 2881 880 2916 ep.
907 2869 954 2905 ad
979 2870 1143 2906 Nicetam
1170 2870 1205 2905 d.
1223 2869 1258 2905 d.
1287 2871 1330 2905 21
1351 2870 1456 2907 Mart.
1473 2871 1555 2918 458,
1579 2873 1670 2909 Leo-

110 2930 166 2966 nis
196 2930 320 2976 Magni
351 2941 434 2976 opp.
460 2930 517 2966 ed.
544 2930 727 2966 Ballerinii
752 2930 795 2966 T.
820 2930 837 2965 I
863 2930 965 2965 1330.
1005 2928 1081 2972 (Of.
1108 2929 1271 2966 Gratiani
1303 2930 1410 2966 Decr.
1436 2931 1475 2967 P.
1498 2932 1534 2968 H
1559 2931 1598 2969 C.
1623 2933 1670 2968 34

110 2999 145 3034 q.
164 2990 184 3025 1
211 2999 241 3025 c.
260 2990 308 3033 1.)
428 2991 461 3026 3.
493 2989 573 3026 hac.
693 2990 727 3026 4.
758 2988 886 3025 Matth.
906 2989 963 3035 25,
981 2989 1038 3025 23.
