2028 3386
366 206 421 248 76
663 217 697 247 s.
721 217 955 248 BomATn
985 218 1043 248 ΕΤ
1073 219 1208 249 LULLI
1238 219 1484 250 EPISTOLAE
1516 220 1564 249 16.
1588 220 1626 249 17

153 313 340 350 720—722
365 314 463 354 sunt
497 323 592 354 cum
622 311 809 354 maxima
839 311 1013 355 caritate
1044 312 1221 368 directa,
1261 312 1360 356 licet
1389 313 1475 356 sint
1504 327 1636 370 parva
1663 314 1709 356 111
1739 313 1877 371 specie
1889 320 1916 356 ·.

227 702 296 738 722

362 387 466 431 Vale
496 388 542 431 in
571 388 650 432 1100
680 387 844 431 saeculo
876 388 1040 432 sancte*
1073 392 1114 432 et
1143 389 1188 432 in
1218 389 1420 433 charitate
1452 403 1536 433 non
1565 389 1674 433 ficta.

368 527 447 573 17.
478 529 695 584 Bonffatii
722 527 1061 574 iuramentum⁰¹.

960 605 1005 659 (S
1026 620 1122 663 pag.
1151 608 1246 662 163,
1268 606 1321 651 W
1340 621 1436 664 pag.
1466 609 1532 662 19,
1553 606 1591 651 G
1611 610 1712 651 tom.
1736 607 1786 652 Π.
1808 621 1850 665 p.
1872 608 1917 662 9)

481 692 530 735 In
566 693 735 737 nomine
774 694 933 737 domini
971 695 1052 738 Dei
1098 698 1139 739 et
1176 695 1396 739 salvatoris
1443 696 1578 739 nostri
1613 695 1708 739 Iesu
1746 694 1915 740 Christi.

186 749 601 826 (Nov.30)1mperante
642 770 820 814 domnod
850 769 1012 815 Leone'
1046 785 1071 815 a
1108 772 1198 815 Deo
1237 776 1434 816 coronato
1471 786 1624 828 magno
1662 773 1917 830 ilnpssl‘alm‘e

363 859 472 889 anno
516 848 564 901 6,
611 850 709 904 post
745 848 1028 891 consulatum⁰
1065 849 1154 892 eius
1193 863 1301 892 anno
1341 851 1388 904 6,
1430 850 1504 893 sed
1543 853 1585 893 et
1621 846 1916 893 (301101011111108

362 936 513 978 magno
545 923 798 980 imperatore
829 925 917 968 eius
947 924 1034 968 filio
1067 939 1174 968 anno
1206 927 1257 981 4,
1288 926 1516 970 indictione
1546 924 1611 970 6⁴.

479 999 685 1043 Promitto
717 1014 792 1055 ego
821 1001 1068 1057 Bonifatius,
1101 1003 1238 1057 gratia
1263 1002 1344 1046 Dei
1372 1004 1613 1060 episcopus,
1645 1003 1764 1047 vobis
1793 1002 1915 1047 beato

360 1076 484 1120 Petro
517 1077 801 1134 apostolorum
830 1079 1016 1135 principi
1047 1080 1284 1135 vicarioque
1313 1083 1385 1123 tuo
1416 1080 1537 1123 beato
1558 1093 1694 1137 papae
1714 1078 1915 1135 Gregorio

361 1154 750 1210 successoribusque
782 1155 871 1198 eius
899 1169 976 1212 per
995 1155 1164 1199 Patrem
1186 1159 1227 1199 et
1246 1156 1400 1199 Filium
1423 1160 1464 1199 et
1485 1153 1690 1213 Spiritum
1710 1161 1914 1213 sanctum,

359 1230 593 1274 trinitatem
631 1231 976 1288 inseparabilem,
1017 1236 1059 1276 et
1096 1233 1174 1276 hoc
1214 1233 1542 1277 sacratissimum
1581 1247 1732 1291 corpus
1771 1237 1912 1283 tuum:

455 1345 481 1366 a.
509 1337 628 1376 speciae
653 1339 687 1368 C.
770 1337 799 1367 b.
828 1339 933 1368 sancto
959 1339 994 1369 V.
1079 1347 1104 1368 0.
1129 1351 1167 1368 ex
1190 1342 1228 1369 M
1245 1340 1303 1376 fol.
1322 1340 1435 1370 l—lv.
1467 1341 1536 1371 Sine
1557 1341 1703 1370 lemmate.
1786 1340 1816 1370 d.
1838 1339 1914 1379 piis-

358 1389 434 1420 simo
457 1391 583 1427 augusto
605 1391 755 1421 excidisse
774 1391 900 1421 videtur.
935 1392 972 1422 V.
994 1403 1086 1430 supra
1105 1403 1137 1430 p.
1157 1393 1206 1422 16.
1310 1401 1336 1422 0.
1364 1393 1435 1431 post
1456 1391 1562 1423 0011οᾗ1
1583 1395 1629 1423 M.

454 1459 486 1494 1.
518 1458 691 1494 Bonifatii
713 1459 955 1496 iuramentum
981 1463 1159 1505 quatenus
1182 1471 1205 1497 a
1222 1461 1403 1497 communi
1419 1465 1644 1498 sacramento
1661 1461 1912 1508 episcoporum

357 1515 685 1553 suburbicariorum
723 1519 818 1554 illius
855 1520 985 1554 aetatis
1021 1519 1203 1565 discedat,
1240 1530 1286 1555 ex
1315 1519 1424 1556 Libro
1457 1520 1585 1556 diurno
1617 1521 1694 1564 (ed.
1717 1520 1912 1557 Gamerius

355 1587 391 1621 p.
410 1576 469 1619 69)
495 1576 724 1623 intelligitur3
749 1577 813 1613 ubi
840 1579 1062 1624 „Indiculum
1088 1577 1270 1624 cpiscopi“
1298 1578 1366 1614 hoc
1391 1581 1468 1614 est:
1500 1579 1563 1624 „In
1587 1580 1731 1616 nomine
1754 1578 1911 1625 Domini,

356 1635 442 1680 imp.
469 1638 538 1671 010.
574 1636 751 1672 Promitto
780 1647 848 1682 ego
873 1637 920 1672 ill.
947 1638 1139 1683 episcopus
1164 1637 1338 1672 ecclesiae
1362 1637 1410 1672 ill.
1434 1637 1539 1673 vobis
1562 1637 1671 1674 beato
1694 1639 1802 1674 Petro
1826 1646 1911 1683 apo-

356 1694 531 1730 stolorum
555 1695 708 1739 principi
732 1695 938 1740 vicarioque
957 1698 1022 1732 tuo
1039 1695 1249 1732 beatissimo
1265 1706 1382 1741 papae
1399 1696 1544 1733 domino
1559 1698 1608 1732 ill.
1626 1695 1911 1733 successoribus-

355 1762 426 1797 que
455 1753 532 1787 eius
557 1763 622 1797 per
645 1754 789 1789 Patrem
815 1757 852 1790 et
876 1755 1006 1790 Filium
1032 1757 1069 1790 et
1094 1755 1266 1800 Spiritum
1291 1758 1475 1801 sanctum,
1507 1756 1704 1791 trinitatem
1728 1756 1910 1800 insepara-

355 1810 482 1856 bilem,
509 1814 546 1847 et
570 1811 639 1847 hoc
664 1813 947 1848 sacratissimum
973 1824 1104 1859 corpus
1128 1817 1250 1850 tuum:
1275 1825 1333 1849 me
1357 1825 1500 1850 omnem
1522 1814 1632 1850 fidem
1656 1817 1694 1850 et
1715 1814 1910 1860 purItatem

356 1872 504 1904 sanctae
529 1869 615 1905 fidei
641 1870 839 1906 catholicae
864 1872 1033 1907 exhibere
1058 1875 1095 1908 et
1119 1873 1155 1908 in
1179 1873 1318 1908 unitate
1343 1873 1505 1909 eiusdem
1529 1872 1615 1908 fidei
1634 1873 1714 1908 Deo
1738 1875 1910 1918 operante

355 1929 567 1973 persistere,
601 1929 639 1964 in
672 1939 745 1973 qua
774 1930 890 1965 omnis
920 1930 1194 1966 christianorum
1219 1932 1317 1966 salus
1342 1942 1422 1967 esse
1447 1931 1720 1978 comprobatur3
1752 1934 1790 1967 et
1812 1932 1910 1967 nullo

357 1987 465 2022 modo
492 1990 618 2022 contra
641 1988 829 2023 unitatem·
845 1990 1044 2024 communis
1070 1993 1107 2024 et
1130 1990 1343 2026 universalis
1369 1990 1543 2026 ecclesiae
1568 1991 1736 2026 suadenti
1753 1991 1908 2035 cuipiam

355 2046 571 2090 consentire,
598 2046 663 2081 sed
687 2048 729 2081 ut
752 2047 826 2081 dixi
850 2046 959 2082 fidem
985 2051 1021 2082 01
1044 2049 1238 2093 puritatem
1263 2059 1391 2094 meam,
1417 2059 1511 2094 quae
1536 2049 1710 2085 ecclesiae
1727 2052 1824 2095 tuae,
1850 2049 1910 2086 cui

355 2115 378 2139 a
404 2104 549 2140 domino
574 2105 653 2140 Deo
677 2108 841 2149 potestas
866 2107 1002 2151 ligandi
1027 2108 1261 2152 solvendique
1286 2108 1389 2153 data,
1417 2111 1453 2143 et
1476 2108 1661 2153 praedicto
1684 2108 1821 2144 vicario
1843 2110 1908 2144 tuo

354 2165 464 2207 atque
490 2163 760 2199 successoribus
785 2164 863 2199 eius
880 2175 944 2210 per
961 2166 1081 2200 omnia
1098 2166 1277 2201 exhibere.
1314 2167 1489 2202 Promitto
1504 2167 1648 2212 pariter,
1674 2167 1804 2212 quodsi
1819 2166 1908 2212 quid

354 2224 480 2257 contra
510 2232 584 2256 rem
610 2222 790 2267 publicam
816 2224 873 2258 vel
897 2224 1099 2268 piissimum
1123 2225 1321 2269 principem
1346 2228 1512 2261 nostrum
1536 2237 1558 2260 a
1581 2225 1741 2270 quolibet
1764 2226 1825 2270 agi
1849 2235 1907 2262 00-

353 2290 526 2326 gnovero,
553 2281 699 2316 minime
725 2282 945 2328 consentire3
979 2283 1043 2317 sed
1068 2284 1105 2318 in
1129 2286 1304 2329 quantum
1328 2284 1443 2320 virtus
1469 2284 1734 2330 suffragaverit,
1758 2283 1907 2320 obviare

354 2342 390 2374 et
422 2340 558 2374 vicario
589 2342 653 2375 tuo
679 2340 825 2375 domino
850 2351 931 2376 meo
956 2342 1155 2385 apostolico
1180 2343 1296 2378 modis
1321 2342 1452 2388 quibus
1475 2346 1627 2388 potuero
1654 2343 1837 2388 nuntiare,
1869 2345 1907 2378 et

353 2398 390 2432 id
419 2408 529 2442 agere
554 2398 612 2433 vel
637 2397 775 2444 facere,
809 2402 988 2444 quatenus
1013 2399 1121 2435 fidem
1146 2411 1264 2436 meam
1288 2402 1325 2436 in
1349 2402 1515 2437 omnibus
1540 2402 1820 2437 sincerissimam
1844 2411 1904 2437 ex—

352 2456 506 2492 hibeam.
546 2457 681 2499 Quodsi
706 2457 803 2502 quod
828 2457 924 2493 absit
949 2460 1074 2493 contra
1097 2459 1204 2494 huius
1227 2460 1476 2504 promissionis
1500 2470 1602 2496 meae
1624 2461 1753 2496 seriem
1770 2459 1906 2505 aliquid

352 2513 472 2550 facere
504 2515 665 2560 quolibet
696 2516 805 2552 modo
837 2526 901 2551 seu
928 2517 1073 2562 ingenio
1097 2518 1155 2552 vel
1180 2518 1369 2553 occasione
1393 2521 1601 2564 tentavero,
1634 2528 1718 2554 reus
1741 2519 1905 2554 inveniar

352 2573 389 2608 in
413 2577 560 2609 aeterno
585 2575 718 2611 iudicio
742 2575 801 2611 vel
825 2575 998 2611 ultionem
1022 2574 1186 2611 Ananiae
1211 2579 1248 2611 et
1273 2576 1459 2623 Saphyrae
1483 2578 1678 2623 incurram,
1708 2577 1770 2623 qui
1794 2577 1903 2613 etiam

351 2631 418 2666 tibi
451 2631 558 2668 beato
582 2633 690 2669 Petro
722 2633 767 2669 de
798 2633 906 2669 rebus
929 2634 1083 2679 propriis
1108 2634 1271 2670 fraudem
1297 2634 1416 2671 facere
1441 2639 1478 2671 et
1501 2635 1633 2672 falsum
1658 2636 1777 2671 dicere
1800 2645 1903 2681 prae-

352 2694 595 2734 sumpserunt.
639 2693 718 2728 Hoc
754 2695 875 2728 autem
912 2693 1107 2728 indiculum
1144 2694 1359 2729 sacramenti
1391 2704 1460 2739 ego
1491 2695 1538 2730 ill.
1572 2695 1763 2740 episcopus
1793 2704 1902 2730 manu

351 2750 495 2794 propria
529 2749 727 2796 subscripsi
758 2754 867 2797 atque
891 2752 996 2797 posui
1021 2762 1128 2796 super
1152 2753 1435 2788 sacratissimum
1460 2763 1590 2798 corpus
1614 2756 1717 2788 tuum
1742 2763 1785 2788 00
1809 2753 1902 2788 sicut

352 2808 517 2851 superius
548 2809 680 2853 legitur
704 2811 783 2846 Deo
812 2814 907 2846 teste
931 2814 968 2846 et
992 2811 1110 2846 iudice
1134 2811 1298 2856 praestiti
1323 2814 1600 2846 sacramentum.
1639 2811 1742 2854 Quod
1767 2814 1803 2847 et
1827 2821 1900 2847 ser-

351 2876 438 2901 vare
467 2867 673 2911 promitto“.
794 2870 826 2904 2.
859 2869 921 2904 111.
1042 2870 1075 2904 3.
1107 2869 1169 2905 IV.
1289 2869 1322 2904 4.
1356 2880 1451 2905 anno
1477 2871 1545 2905 722
1573 2870 1632 2905 die
1656 2870 1703 2905 30
1726 2869 1817 2906 Nov.
1853 2870 1899 2906 V.

351 2935 461 2969 supra
484 2935 519 2970 p.
537 2926 594 2960 21.
