2028 3380
428 231 642 263 mousom
670 231 919 263 FULDENSIS
952 233 1057 264 vrrA
1088 231 1318 264 nannoms
1563 219 1650 263 557

85 323 190 371 chus
225 326 543 384 expergefactus
580 327 791 373 somnium
831 327 908 372 hoc
944 327 1065 372 nobis
1103 341 1199 372 cum
1238 341 1393 384 magna
1431 326 1652 372 dulcedine

85 403 287 448 narravit.

202 480 306 526 Post
340 481 421 527 hoc
456 482 545 526 eius
585 482 772 526 studium
811 486 854 527 et
893 497 1019 540 opus,
1060 496 1154 527 cum
1194 482 1339 527 divina
1369 482 1652 527 benivolentia

84 559 276 604 censeret
303 573 400 605 eum
429 560 767 604 transferendum
798 575 851 605 ex
882 560 1106 618 temporali
1135 561 1418 604 inconstantia
1443 564 1485 605 et
1507 561 1650 605 labore

84 635 139 681 ad
176 639 334 682 statum
373 641 417 682 et
451 638 635 695 quietem
665 638 880 682 felicitatis
911 642 1100 694 eternae,
1140 639 1232 695 ipse
1263 652 1427 695 quoque
1459 639 1649 682 conscius

84 718 339 760 secretorum
370 715 629 773 divinorum,
668 716 812 760 multis
843 716 1101 760 orationibus
1134 720 1176 760 et
1207 716 1421 773 aliquanto
1453 717 1649 761 attentio-

81 791 200 836 ribus
236 797 383 838 sancto
414 793 596 838 Martino
636 809 681 838 se
717 794 1036 838 commendavit.
1085 795 1381 850 Aggressoque
1411 795 1563 838 itinere
1595 794 1648 837 ad

81 867 415 916 Poderbrunnun
444 874 688 931 properavit
716 873 857 928 ibique
888 886 1031 927 regem
1044 869 1054 889 ¹
1080 873 1297 915 inventum
1326 871 1559 916 humillime
1581 886 1648 915 sa-

80 946 245 994 lutavit.
294 949 375 994 Die
413 964 512 1006 ergo
551 950 819 995 sanctissima
848 954 1132 1007 pentecostes,
1174 964 1301 1005 agens
1332 950 1392 994 ibi
1422 950 1647 993 missarum

79 1025 126 1070 in
155 1026 323 1084 publico
353 1027 617 1086 sollempnia,
649 1032 746 1086 post
777 1029 912 1072 sancti
943 1027 1151 1083 euangelii
1177 1028 1401 1072 lectionem
1428 1027 1567 1071 stabat
1586 1027 1648 1071 lo-

81 1107 252 1149 cuturus
292 1105 345 1149 ad
383 1105 562 1164 plebem.
687 1105 770 1150 Sed
809 1107 1003 1162 quoniam
1045 1120 1122 1149 nos
1153 1107 1197 1149 111
1227 1106 1307 1149 hoc
1335 1105 1443 1150 libro
1475 1106 1519 1149 in
1549 1119 1647 1163 pro-

79 1181 257 1228 fundum
286 1183 548 1240 navigamus,
581 1184 705 1228 modo
736 1185 984 1228 festinamus
1018 1184 1071 1228 ad
1100 1184 1224 1228 huius
1256 1184 1425 1228 tematis
1454 1184 1568 1239 litus,
1600 1187 1648 1227 ut

79 1273 136 1304 ne
164 1265 352 1306 saturato
380 1261 528 1306 lectori
548 1262 651 1306 tedii
672 1263 892 1320 pituitam³
914 1276 1212 1321 proponamus.
1262 1262 1484 1306 Sermones
1507 1265 1647 1305 autem

80 1338 192 1395 cius,
224 1340 339 1383 omni
368 1340 554 1384 humana
584 1341 808 1397 divinaque
839 1341 1113 1399 precellentes
1145 1341 1373 1398 sapientia,
1403 1340 1544 1396 legere
1574 1353 1647 1383 vo-

74 1415 213 1461 lentes
250 1417 297 1461 in
332 1419 510 1462 tercium
539 1418 728 1463 libellum
760 1418 1012 1474 differimus,
1053 1419 1098 1462 in
1129 1420 1247 1463 cuius
1279 1432 1427 1476 campo
1459 1418 1646 1462 studioso

77 1493 226 1539 lectori
261 1509 340 1540 nos
377 1496 665 1541 satisfacturos
696 1498 918 1542 credimus.
964 1497 1022 1541 Et
1052 1497 1168 1552 digni
1200 1501 1299 1541 sunt
1327 1511 1411 1540 non
1443 1496 1645 1552 oblivisci,

78 1573 277 1629 quoniam
308 1577 351 1618 et
379 1574 490 1618 hunc
521 1588 778 1631 sermonem,
816 1589 939 1632 quem
970 1575 1094 1619 modo
1128 1575 1379 1631 differimus,
1421 1575 1542 1618 cumb
1574 1575 1646 1618 de-

77 1649 289 1707 clamavit,
322 1651 528 1710 Spiritum
560 1657 750 1696 sanctum
782 1667 858 1711 per
890 1667 935 1697 os
968 1654 1057 1697 eius
1077 1653 1317 1710 loquentem
1340 1654 1478 1697 dicere
1500 1667 1644 1697 vocem

77 1728 264 1772 omnium
295 1729 499 1774 incitavit.
590 1730 704 1787 Ergo
735 1735 961 1789 postquam
993 1732 1198 1775 sermonis
1223 1731 1348 1775 finem
1369 1731 1482 1786 fecit,
1514 1731 1644 1775 inter-

75 1805 185 1851 iecta
215 1807 433 1865 paululum
465 1808 622 1853 silentii
651 1823 784 1866 mora,
822 1811 1052 1868 suspiravit
1083 1824 1135 1853 ex
1165 1810 1315 1853 intimo
1346 1809 1484 1865 corde,
1516 1809 1644 1853 dixit-

76 1897 156 1941 que
193 1885 441 1944 prophetica
480 1900 602 1931 voce:
644 1889 731 1931 Iter
766 1898 934 1932 acturus
975 1905 1088 1943 sum,
1130 1898 1271 1947 patres
1304 1898 1341 1932 et
1357 1889 1545 1945 fratres,
1587 1890 1646 1932 ad

77 1965 192 2021 quod
218 1966 358 2007 minue
389 1974 509 2009 caute
531 1976 716 2023 paratus
747 1983 852 2010 sum.
900 1968 1097 2025 Lonqum
1128 1976 1187 2011 est
1213 1970 1305 2021 iter,
1339 1968 1412 2010 sed
1431 1977 1643 2025 sumptum

75 2041 237 2085 brevem
257 2043 409 2094 habeo5
441 2053 480 2088 et
499 2046 604 2101 quid
611 2045 781 2101 faciam
804 2054 928 2089 eetuo.
967 2047 1042 2089 Ad
1063 2055 1202 2089 caetra
1223 2049 1332 2089 enim
1351 2049 1462 2105 reyis
1484 2049 1645 2091 aeterni

73 2134 220 2174 vocor,
258 2121 335 2164 ubi
361 2123 408 2164 in
437 2137 502 2166 me
532 2132 661 2166 totum
692 2124 844 2166 bellum
873 2133 1064 2178 vertetur,
1105 2133 1213 2168 totus
1246 2133 1353 2168 estus
1378 2126 1513 2183 prelii
1520 2142 1535 2176 ,-
1570 2126 1645 2168 ubi

73 2199 116 2241 m·
148 2200 281 2242 victus
306 2200 438 2257 fuero
471 2227 526 2232 —
559 2203 717 2244 meritis
755 2204 864 2245 enim
902 2205 1005 2245 meis
1043 2212 1154 2246 stare
1183 2219 1268 2246 non
1299 2204 1416 2246 valeo
1449 2230 1504 2235 —
1539 2205 1643 2260 quid

66 2276 280 2334 placandi
307 2294 436 2322 cauea
466 2280 602 2322 iudici
625 2281 811 2337 offeram,
845 2283 996 2324 nescio.
1046 2281 1211 2324 Vestrae
1232 2284 1364 2339 iyitur
1380 2297 1523 2340 preces
1537 2297 1640 2339 pre-

74 2355 216 2399 cedere
243 2371 309 2399 me
331 2371 488 2414 precor
517 2367 555 2401 et
585 2359 799 2416 subsequi,
842 2368 1044 2416 quatenus
1074 2368 1170 2402 ante
1199 2363 1430 2403 maximum
1460 2362 1641 2403 iudicem

73 2434 163 2476 sine
198 2435 358 2478 iudicio
396 2450 559 2479 merear
595 2438 774 2494 inyredi.
838 2438 939 2480 Non
980 2440 1089 2480 enim
1126 2439 1419 2493 iustificabitur
1455 2441 1501 2481 in
1540 2454 1638 2482 con-

72 2520 217 2569 spectu
254 2514 341 2555 eius
381 2516 514 2557 omnis
556 2511 733 2557 vivens².
789 2516 849 2559 Ec
885 2531 957 2559 voe
996 2516 1135 2571 inquit
1171 2519 1211 2559 si
1247 2519 1352 2574 quid
1389 2518 1490 2560 boni
1519 2533 1546 2559 a
1575 2532 1640 2560 me

73 2590 253 2634 audietis
282 2606 506 2648 umquam,
547 2608 671 2650 roqo,
713 2602 874 2636 servate
904 2603 942 2637 ec
971 2596 1121 2651 diqnos
1153 2610 1224 2638 voe
1255 2611 1403 2651 requo,
1438 2596 1496 2637 ad
1526 2596 1640 2652 quod

71 2669 211 2711 vocati
245 2683 407 2723 eumue,
444 2680 684 2728 preparate.
743 2671 924 2728 Tempus
962 2674 1072 2715 enim
1111 2673 1230 2715 breve
1265 2682 1334 2716 est.
1382 2673 1510 2715 Nunc
1541 2688 1637 2730 erqo

71 2759 144 2789 vos
177 2749 414 2791 commendo
453 2747 561 2791 dixit
602 2751 659 2802 ei,
702 2751 778 2806 qui
805 2764 877 2792 voe
907 2750 1015 2793 milii
1044 2752 1364 2804 commendavit,
1398 2751 1491 2794 Deo
1517 2753 1640 2808 patri

73 2826 347 2882 omnipotenti
375 2834 413 2869 et
440 2827 564 2870 verbo
596 2829 683 2870 eius
706 2827 802 2870 Iesu
823 2826 984 2871 Christo
1016 2829 1186 2871 domino
1212 2837 1250 2872 et
1271 2829 1459 2887 Spiritui
1477 2839 1634 2883 εαηοιο,

168 2933 196 2956 ι.
222 2926 334 2965 pituita
355 2939 381 2957 c.
484 2927 515 2957 b.
544 2936 611 2958 cum
634 2928 756 2958 addidi.

168 2990 200 3025 1.
234 2989 443 3026 Heinrioum
461 2991 524 3027 ΙΙΙ.
646 2993 679 3028 2.
712 2992 771 3028 Ps.
791 2992 870 3039 142,
890 2993 923 3029 2.

1676 800 1765 835 1051

1672 958 1741 989 Mai.
1757 960 1794 990 19
