2028 3380
214 308 283 343 755

142 358 271 396 exeunte
276 366 353 387 anno

367 197 467 241 264.
694 207 728 238 s.
753 206 988 238 BONIFATn
1016 199 1075 248 ΕΤ
1105 195 1242 238 LULLI
1270 206 1519 238 EPISTOLAE
1551 207 1610 238 108

367 303 479 358 go‘tio
517 285 805 359 prevalemus,
843 301 1026 356 fatem'ur
1061 302 1150 351 nes,
1170 299 1336 358 semper
1366 314 1457 344 esse
1487 304 1671 357 paratos.
1732 300 1852 345 Unde
1881 301 1927 345 in

366 379 514 436 primis
547 379 600 421 ad
631 377 991 421 confirmationem
1014 375 1269 435 dilectionis,
1303 392 1427 434 quam
1459 391 1558 432 erga
1583 392 1655 421 vos
1676 378 1833 422 habent
1851 392 1925 436 pe-

366 456 544 500 netralia
582 444 719 498 cordis
747 455 920 510 nostri,
964 440 1155 499 sermone
1174 446 1177 450 ¹
1195 455 1425 511 affectuque
1465 454 1643 511 apostoli
1678 459 1848 499 utamur
1885 459 1928 500 et

337 532 351 558 ’-
366 542 461 576 eum
493 532 682 589 apostolo
714 529 840 576 simul
864 519 1081 586 dicamus:
1118 531 1272 577 Gratia
1301 533 1417 575 vobis
1449 541 1486 575 et
1505 549 1621 589 pem,-
1648 536 1811 590 qratiam
1833 535 1925 590 aqi-

365 625 456 653 mus
477 611 570 653 Deo
602 616 764 667 semper
792 614 879 667 pro
907 595 1095 670 omnibus
1116 611 1246 663 vobis,
1279 612 1522 652 memoriam
1531 610 1741 665 facientes
1761 612 1808 653 in
1829 625 1926 653 ora-

367 688 547 730 tionibus
578 690 732 730 nostris
763 689 853 729 sine
882 689 1185 730 intermissione
1193 703 1207 738 ‚-
1245 702 1443 730 memores
1475 689 1611 743 operis
1631 687 1743 741 fidei
1769 696 1928 730 vestrae

368 774 406 807 et
443 764 599 806 laboris
620 775 622 777 ·
641 773 679 807 et
719 765 906 807 caritatis
947 773 984 806 et
1022 766 1291 807 sustinentiae
1329 766 1422 820 spei
1463 765 1625 806 domini
1659 766 1796 807 nostri
1831 757 1928 807 'Iesu

368 841 524 884 Christi
561 827 656 884 abite
695 842 817 883 deum
859 850 896 883 ec
923 850 1087 897 patrem
1116 851 1305 884 nostrum
1318 838 1340 883 ¹.
1404 840 1523 892 Quod
1553 840 1665 883 enim
1695 840 1781 883 iam
1812 839 1926 896 olim,

367 918 534 960 vivente
564 917 827 961 venerandae
858 918 1085 960 memoriae
1105 917 1335 973 Bonifacio,
1367 931 1443 974 per
1474 917 1631 973 scripta
1660 917 1928 961 nonnulla‘et

368 1009 444 1052 per
474 994 617 1038 fideles
648 994 928 1037 internuntios
961 1007 1091 1049 aeque
1123 995 1336 1037 conditum
1369 1008 1459 1038 esse
1490 997 1674 1049 constat,
1714 994 1759 1037 id
1787 994 1927 1051 ipsum

369 1085 535 1128 semper
564 1084 767 1114 renovare
799 1071 851 1114 ad
891 1072 1091 1126 invicem,
1133 1072 1235 1114 satis
1274 1072 1558 1115 necessarium
1598 1071 1808 1125 ducimus3
1849 1070 1928 1114 hoc

369 1152 451 1192 est:
491 1152 538 1191 ut
577 1152 747 1191 mutuae
784 1161 861 1204 pro
900 1148 1021 1191 nobis
1060 1148 1277 1203 notrisque
1315 1153 1357 1192 et
1394 1149 1462 1191 hic
1493 1148 1728 1191 viventibus
1760 1151 1802 1191 et
1830 1148 1928 1191 hinc

368 1226 604 1269 obientibus
643 1224 1002 1281 interpellationes
1042 1226 1275 1268 orationes³
1307 1226 1614 1280 missarumque
1651 1224 1838 1268 remedia
1874 1224 1927 1267 ad

368 1304 579 1346 viventem
610 1302 750 1345 Deum
790 1305 831 1344 et
861 1302 1042 1344 iudicem
1074 1303 1260 1344 omnium
1292 1302 1538 1359 suppliciter
1572 1305 1767 1357 agantur,
1808 1301 1928 1344 iuxta

368 1379 597 1437 apostolica
641 1378 829 1421 monita:
887 1379 1014 1421 Orate
1050 1378 1196 1433 inquid
1231 1395 1315 1436 pro
1352 1382 1550 1432 invicem,
1596 1388 1643 1422 ut
1678 1375 1925 1422 salvemini²

367 1457 541 1513 reliqua.
594 1456 684 1499 Hoc
715 1456 826 1499 enim
859 1455 981 1498 modo
1014 1456 1134 1498 nobis
1167 1456 1353 1499 divinam
1385 1456 1649 1499 clementiam
1680 1455 1927 1512 conplacare

367 1534 643 1588 dinoscimur,
694 1532 914 1576 offerentes
955 1533 993 1575 ei
1033 1533 1268 1575 orationum
1306 1547 1412 1590 pura
1448 1533 1671 1587 libamina3
1712 1533 1772 1576 sic
1806 1533 1926 1576 nobis

368 1611 543 1654 eandem
588 1613 907 1666 prosperantem
954 1610 1212 1653 inveniemus
1259 1611 1304 1652 in
1349 1611 1548 1653 adversis
1617 1609 1807 1665 Etenim,
1854 1610 1927 1653 ubi

366 1688 539 1731 Domini
574 1687 694 1730 iuxta
730 1687 863 1743 ipsius
901 1687 1110 1743 promissa
1147 1691 1313 1743 praesto
1355 1691 1419 1730 est
1458 1687 1730 1742 adiutorium,
1777 1690 1927 1730 cuncta

365 1766 535 1820 fugatur
574 1764 855 1818 malignorum
895 1764 1139 1807 adversitas.
1203 1765 1297 1820 Ipse
1337 1765 1448 1807 enim
1487 1764 1615 1806 dixit:
1665 1764 1719 1808 Si
1754 1766 1836 1807 duo
1877 1780 1926 1807 eat

366 1844 481 1886 vobis
520 1844 799 1885 consenserint
835 1857 962 1898 super
996 1851 1150 1884 tem-am
1181 1844 1232 1884 de
1262 1844 1377 1884 omni
1405 1857 1462 1894 re,
1498 1841 1820 1898 quamcumqueb
1845 1857 1924 1898 pe-

368 1922 522 1972 tierint,
544 1920 621 1973 fiet
649 1920 736 1960 illis
768 1935 795 1960 α
823 1928 945 1975 patre
975 1934 1084 1971 meo,
1120 1921 1195 1975 qui
1223 1921 1269 1960 in
1300 1919 1396 1961 celis
1429 1915 1520 1961 esst.

487 1995 578 2038 Hoc
599 1995 709 2038 enim
733 1995 872 2048 sagaci
904 1995 1091 2037 sollertia
1121 1995 1347 2037 studiosius
1378 1995 1471 2037 ideo
1503 1995 1709 2049 agendum
1740 2008 1831 2038 esse
1860 1995 1924 2038 iu-

369 2073 570 2127 dicamus,
603 2072 735 2126 quia⁶,
767 2072 887 2113 iuxta
918 2072 1148 2127 apostolica
1178 2072 1384 2127 presagia,
1416 2072 1576 2114 instant
1604 2085 1715 2115 nunc
1734 2075 1926 2128 tempora

369 2146 626 2205 periculosa.4
658 2151 700 2191 et
729 2148 904 2203 reliqua,
938 2161 1044 2202 quae
1074 2149 1164 2204 ipse
1196 2149 1240 2191 in
1271 2149 1416 2191 eadem
1447 2149 1713 2204 prosequitur
1733 2148 1922 2205 epistola.

367 2225 425 2269 Et
456 2225 553 2280 quia
583 2238 667 2268 non
698 2228 761 2268 est
792 2238 916 2281 opus,
959 2225 1139 2268 scribere
1170 2226 1287 2268 vobis
1319 2226 1370 2268 de
1403 2225 1678 2268 exterioribus
1709 2225 1924 2268 calamita-

370 2306 461 2345 tum
490 2302 739 2357 incursibus,
772 2315 875 2357 quas
905 2302 1145 2357 frequenter
1175 2306 1222 2344 ut
1252 2315 1346 2344 reor
1375 2303 1491 2358 passi
1522 2303 1634 2356 estis,
1666 2302 1709 2345 id
1738 2307 1802 2346 est
1827 2316 1923 2359 per-

370 2378 652 2422 secutionibus
683 2379 843 2435 rapinis
875 2379 981 2421 odiis
1014 2382 1056 2421 et
1086 2379 1293 2421 scandalis
1326 2383 1367 2422 et
1394 2379 1459 2421 his
1488 2379 1707 2433 similibus,
1740 2382 1923 2422 ceterum

370 2455 491 2498 ecced
523 2469 647 2510 quam
678 2455 872 2511 plurimis
905 2456 950 2498 in
979 2455 1081 2498 locis
1113 2455 1365 2498 christianae
1395 2455 1608 2509 religionis
1630 2455 1768 2499 valide
1789 2459 1922 2499 status

369 2531 557 2584 vacillat3
599 2532 697 2574 dum
728 2546 835 2588 pene
865 2533 1047 2587 undique
1076 2533 1259 2575 exterius
1289 2532 1516 2575 interiusve
1551 2546 1691 2574 rerum
1730 2532 1922 2575 ecclesia-

369 2609 569 2650 sticarum
597 2608 866 2664 perturbatur
888 2609 1002 2664 ordo,
1033 2609 1372 2663 novellarumque
1400 2609 1762 2651 conversationum
1793 2622 1921 2665 prave

367 2684 520 2740 ubique
551 2698 658 2741 pene
689 2689 955 2728 succrescunt
987 2689 1157 2729 sectae0.
1205 2685 1291 2728 Nec
1321 2685 1497 2740 mirum,
1531 2685 1650 2740 dum,
1681 2689 1777 2741 post
1807 2686 1921 2728 vide-

464 2792 490 2812 a.
519 2784 681 2821 orationes,
704 2785 855 2814 orationes
881 2786 916 2815 V.
1027 2785 1056 2814 b.
1085 2793 1270 2823 quacumque
1296 2785 1332 2814 V.
1442 2793 1467 2814 e.
1496 2785 1547 2822 qui
1573 2785 1608 2814 V.
1716 2785 1744 2814 d.
1775 2786 1805 2814 et
1826 2793 1859 2814 ce
1885 2785 1920 2814 V.

368 2845 393 2864 e.
423 2837 540 2865 saectae
566 2837 600 2865 V.

464 2887 495 2920 1.
529 2886 657 2922 Thess.
678 2888 709 2933 1,
727 2889 760 2923 2.
779 2888 812 2923 3.
910 2889 943 2924 2.
975 2887 1096 2924 Iacob.
1115 2889 1148 2934 5,
1168 2889 1223 2923 16.
1319 2889 1353 2923 3.
1386 2887 1513 2923 Matth.
1533 2888 1588 2932 18,
1608 2888 1663 2923 19.
1758 2888 1791 2922 4.
1822 2888 1844 2923 2
1860 2887 1919 2923 Ti-

368 2943 479 2981 moth.
497 2944 530 2990 3,
551 2946 582 2979 1.
