2028 3380
552 215 805 247 EPISTOLAE
833 216 1138 248 MOGUN‘rmAn
1170 217 1209 247 27
1575 203 1662 248 369

98 312 144 356 in
173 323 271 368 quo,
299 314 350 355 ut
378 314 572 355 asserunt
603 310 672 367 qui
705 310 824 354 illum
854 310 1060 367 legerunt,
1091 310 1379 368 probabilibus
1403 310 1662 366 argumentis

99 402 171 433 eos
194 388 412 433 »convincit
438 392 587 432 contra
615 391 785 445 patrum
815 389 1012 432 instituta
1032 402 1170 444 agere,
1202 389 1275 445 qui
1295 388 1391 446 plus
1413 401 1539 444 quam
1560 401 1663 445 quar-

97 469 195 510 tuor
218 465 456 510 dominicos
486 466 576 510 dies
607 465 812 510 adventus
842 466 1016 509 Domini
1047 466 1260 510 celebrare
1291 466 1561 511 contendunt.

195 542 336 596 -Quod
372 557 473 588 vero
511 557 565 587 ex
605 543 781 587 adverso
823 543 1033 599 obiciunt,
1081 543 1176 587 ideo
1216 547 1396 600 quatuor
1433 544 1665 588 dominicos

98 621 209 677 dies,
247 624 426 679 excepta
454 621 600 677 vigilia
629 620 823 677 Domini,
863 621 1015 665 debere
1046 621 1271 677 celebrari,
1304 626 1351 665 ut
1381 622 1456 665 illa
1487 626 1667 679 quatuor

97 699 361 743 nocturnalia
391 698 530 743 officia
558 699 626 743 vel
657 699 792 743 sancti
824 699 1033 754 euangelii
1065 712 1138 742 seu
1170 699 1350 756 apostoli
1380 699 1506 743 lectio
1526 700 1572 743 in
1592 699 1668 743 illa

98 777 309 821 dominica
338 790 446 834 quae
476 781 599 821 vacat
634 777 800 834 possint
840 777 1030 834 impleri,
1068 776 1183 820 facili
1221 777 1496 834 responsione
1528 780 1668 834 potest

98 855 304 900 enervari.
351 854 453 908 Quis
484 855 598 899 enim
627 868 711 898 non
744 855 897 910 videat,
930 855 1209 910 incongruum
1239 854 1361 898 valde
1393 868 1507 898 esse:
1538 869 1666 912 prop-

97 936 164 977 ter
200 933 285 977 tria
319 933 388 978 vel
419 937 597 989 quatuor
627 933 897 991 responsoria
927 957 983 963 —
1018 946 1125 989 quae
1155 933 1377 976 retroactis
1409 933 1667 977 ebdomadae

98 1011 259 1067 diebus,
290 1011 328 1055 si
356 1014 502 1055 tamen
531 1011 593 1055 ita
622 1011 761 1054 visum
790 1011 920 1054 fuerit
950 1011 1180 1073 decantari,
1212 1011 1281 1054 vel
1301 1011 1437 1054 sancti
1454 1010 1668 1065 *euangelii

99 1102 173 1134 seu
203 1089 385 1146 apostoli
413 1089 552 1145 lectio,
585 1103 692 1146 quae
722 1089 829 1133 feria
850 1089 906 1132 III
935 1092 1033 1132 ante
1062 1089 1281 1144 ieiunium,
1314 1089 1424 1132 sicut
1449 1089 1495 1132 in
1522 1088 1668 1133 Italiae

98 1167 339 1223 regionibus
375 1181 452 1211 nos
491 1167 576 1224 ipsi
607 1181 731 1223 agere
762 1167 999 1210 audivimus
1032 1180 1081 1210 ac
1112 1166 1314 1222 vidimus,
1354 1167 1422 1210 vel
1451 1166 1593 1224 potius
1623 1167 1669 1210 in

97 1245 193 1303 ipsa
221 1245 433 1289 dominica
463 1245 630 1302 quando
662 1245 808 1301 vigilia
839 1244 1087 1300 celebratur⁷
1120 1258 1213 1288 cum
1247 1246 1386 1302 ymnis
1407 1245 1670 1288 matutinali-

98 1322 176 1368 bus
215 1323 354 1380 primo
393 1336 518 1367 mane
562 1323 728 1381 possint
767 1316 991 1380 adimpleri
1030 1347 1085 1352 —
1125 1326 1214 1366 tam
1254 1323 1444 1366 misticas
1483 1323 1668 1367 rationes

99 1404 278 1458 quatuor
308 1401 639 1445 ebdomadarum
670 1401 865 1445 evacuari
897 1401 1061 1445 debere.
1110 1401 1205 1444 Non
1236 1402 1381 1457 utique
1413 1404 1565 1457 quarta
1595 1402 1669 1445 do-

97 1479 255 1523 minica
284 1479 488 1523 adventus
518 1479 693 1522 Domini
724 1483 912 1535 vacaret,
947 1480 983 1523 si
1014 1479 1235 1536 proprium
1267 1478 1451 1522 officium
1482 1479 1667 1523 haberet.

98 1557 299 1602 Introitus
319 1559 528 1601 Memento
559 1558 604 1600 in
634 1557 751 1600 nullo
785 1558 994 1602 autentico
1016 1557 1232 1601 invenitur
1254 1557 1563 1615 antiphonario,
1596 1557 1671 1609 sed

98 1636 240 1693 ipsum
270 1634 454 1679 officium
486 1649 512 1678 a
542 1635 725 1692 quodam
755 1649 832 1692 pro
863 1636 988 1680 libitu
1020 1639 1084 1679 est
1116 1635 1458 1692 superadditum3
1491 1635 1670 1692 ideoque

98 1726 176 1758 nec
213 1727 482 1771 summopere
519 1717 585 1757 est
621 1713 875 1770 curandum,
916 1714 952 1757 si
983 1727 1060 1771 pro
1093 1713 1403 1757 rationabiliori
1434 1726 1562 1757 causa
1593 1713 1670 1757 ali-

99 1792 265 1849 quando
295 1791 426 1835 fuerit
453 1791 756 1835 intermissum.
819 1791 953 1835 Vacat
984 1791 1096 1834 enim
1128 1792 1212 1835 ista
1243 1791 1597 1848 quemadmodum
1629 1795 1671 1836 et

98 1870 227 1914 ceteri
256 1873 344 1914 tres
383 1869 583 1913 dominici
622 1869 734 1925 dies,
775 1869 847 1926 qui
878 1869 1007 1912 simili
1038 1869 1163 1913 modo
1194 1873 1409 1927 ponuntur
1440 1873 1538 1927 post
1568 1869 1670 1913 duo-

98 1948 235 1992 decim
270 1947 493 2002 lectiones3
534 1947 686 2004 quibus
717 1951 859 1991 tamen
890 1948 1065 1991 minime
1096 1948 1249 1992 desunt
1278 1948 1479 1992 lectiones
1512 1947 1669 2005 episto·

97 2026 235 2070 larum
273 2030 316 2070 et
352 2025 665 2081 euangeliorum
708 2026 762 2069 ad
798 2025 1063 2083 implendum
1102 2040 1324 2070 numerum
1364 2026 1671 2082 quinquaginta

99 2104 276 2149 duarum
315 2104 416 2147 anni
446 2103 765 2147 dominicarum.
866 2104 1085 2148 Habentur
1116 2104 1230 2148 enim
1260 2105 1371 2148 inter
1401 2104 1670 2148 nativitatem

98 2182 271 2227 Domini
309 2185 352 2226 et
392 2182 745 2239 septuagesimam
785 2182 923 2225 officia
962 2185 1142 2238 quatuor
1181 2196 1259 2239 per
1291 2182 1380 2226 dies
1413 2183 1667 2236 dominicos3

99 2274 126 2304 a
155 2260 467 2318 septuagesima
496 2274 629 2316 usque
659 2261 704 2303 in
735 2261 892 2317 pascha
922 2264 1037 2316 octo,
1078 2275 1176 2303 nam
1208 2274 1319 2304 nona
1350 2261 1395 2303 in
1426 2260 1564 2304 medio
1596 2274 1669 2303 va-

98 2342 186 2393 cat3
219 2352 245 2382 a
274 2338 432 2396 pascha
462 2352 560 2382 vero
593 2351 725 2394 usque
754 2338 800 2381 in
832 2342 1002 2382 octavas
1034 2342 1298 2396 pentecostes
1331 2340 1379 2392 83
1421 2339 1572 2382 deinde
1604 2352 1669 2382 se-

99 2419 285 2474 quuntur
315 2418 372 2460 23
402 2430 536 2472 usque
565 2417 610 2459 in
643 2416 868 2459 adventum
890 2416 1082 2470 Domini3
1115 2417 1159 2459 in
1187 2417 1370 2460 adventu
1391 2416 1566 2459 Domini
1585 2416 1670 2459 tria

98 2498 265 2539 tantum
302 2498 537 2551 ponuntur,
577 2497 728 2550 quarta
765 2497 813 2537 ut
852 2507 981 2551 supra
1012 2495 1197 2538 diximus
1227 2498 1418 2538 vacante.
1481 2493 1670 2545 Quatuor

99 2572 211 2616 enim
244 2576 287 2616 et
317 2574 343 2616 8
374 2572 561 2629 itemque
592 2574 617 2615 8
651 2575 777 2627 atque
809 2574 866 2615 23
899 2576 941 2615 et
973 2574 999 2616 3
1030 2572 1138 2615 fiunt
1168 2572 1295 2615 simul
1325 2574 1396 2615 46.
1450 2571 1528 2614 His
1561 2571 1668 2616 adde

99 2654 278 2706 quatuor
309 2650 541 2694 dominicas
572 2653 791 2705 vacantes,
826 2652 868 2693 et
898 2663 1027 2693 unam
1058 2663 1163 2706 quae
1196 2653 1261 2694 est
1291 2649 1560 2706 praeparatio
1593 2649 1667 2693 do-

97 2728 244 2772 minici
274 2728 498 2783 adventus,
529 2741 608 2772 nec
638 2741 722 2771 non
753 2727 805 2771 de
836 2732 982 2771 sancta
1013 2728 1225 2781 trinitate3
1259 2741 1468 2770 summam
1500 2729 1557 2771 52
1591 2728 1666 2771 do-

99 2850 323 2898 Fabricium,
348 2851 576 2888 Bibliotheca
599 2852 868 2895 ecclesiastica)
895 2861 974 2896 cap.
996 2852 1080 2886 137:
1109 2850 1335 2897 „Herigerus
1361 2871 1403 2876 -—
1430 2851 1575 2897 scripsit
1599 2851 1667 2887 sub

99 2922 168 2948 sua
197 2915 236 2948 et
259 2911 455 2948 Adelboldi
485 2912 647 2957 episcopi
676 2921 835 2956 persona
866 2911 1052 2956 dialogum
1084 2909 1131 2946 de
1162 2909 1389 2947 dissonantia
1419 2911 1595 2947 ecclesiae
1621 2910 1667 2946 de

99 2970 262 3008 adventu
284 2970 472 3008 Domini“.

158 3035 264 3070 Jnrn'.
286 3039 478 3067 Bibliotheca
499 3039 550 3066 111.
1335 3036 1381 3072 24

1686 323 1739 354 aut
1760 318 1852 355 1021

1686 371 1740 401 aut
1760 366 1852 402 1027
