2028 3386
390 238 392 240 ·
433 228 485 259 .S.
508 227 745 259 BONIFATII
774 210 833 258 ΕΤ
863 212 1001 258 LiJLLI
1030 228 1280 260 EPISTOLAE
1313 228 1353 258 50
1602 215 1684 258 137

232 314 506 381 Propositis'-
530 322 576 366 in
620 321 760 366 medio
799 323 1079 366 saerosanctis
1124 323 1375 379 euangeliis,
1422 321 1687 367 adstantibus

115 413 279 457 quoque
309 399 556 444 diaconibus
587 399 655 443 vel
686 402 836 443 cuncto
869 399 995 455 clero,
1029 399 1256 455 Gregorius
1280 401 1471 444 notarius
1494 400 1688 455 regiona-

113 478 203 522 n’us
233 481 277 522 ct
305 476 627 522 numenculator
658 476 786 520 dixit:
826 478 1078 521 Deneardus
1109 479 1331 535 reliyiosus
1356 480 1587 537 presbiter,
1631 479 1687 522 le-

111 565 236 614 yatus
266 556 486 613 Bonifatii
514 557 771 598 sanctissimi
800 556 1111 613 archiepiscopi
1138 559 1385 613 provinciae
1420 556 1686 610 Germaniae,

115 636 296 678 directus
326 635 447 692 apud
483 643 667 677 vestrum
707 642 898 676 sanctum
937 635 1241 691 apostolatum,
1278 650 1391 691 prae
1428 636 1517 678 velo
1558 643 1617 678 est
1654 643 1692 678 et

107 714 239 770 petit,
278 727 322 756 se
351 713 532 769 inqredi.
583 711 700 766 Quid
723 712 977 769 precipitis?
1073 710 1246 754 Dictum
1279 715 1363 755 est:
1404 713 1687 769 Inqrediatur.

115 788 304 846 Cumque
334 790 550 845 ingressus
580 788 768 844 fuissetb⁷
807 787 1054 844 ZachariaS,
1095 789 1385 832 sanctissimus
1418 803 1466 833 ac
1495 790 1691 833 beatissi—

114 881 209 912 mus
240 881 354 925 papa
383 871 553 911 sanetae
574 866 655 910 Dei
685 865 915 910 catholicae
948 869 1073 922 atque
1105 867 1360 924 apostolicae
1381 867 1497 911 urbis
1518 867 1690 923 Romae,

115 945 243 989 dixit:
283 946 397 991 Ante
441 946 515 989 lios
554 947 642 988 dies
685 945 872 1002 syllabas
911 947 1238 989 reverentissimi
1275 955 1401 1003 atque
1439 948 1695 990 sanctissimi

103 1024 266 1081 fratris
296 1026 434 1068 nostri
461 1023 681 1079 Bonifatii
718 1023 1028 1080 archiepiscopi
1064 1024 1184 1067 nobis
1226 1024 1426 1077 retulisti,
1468 1039 1545 1081 per
1586 1039 1691 1081 quas

116 1102 251 1156 nobis,
287 1117 394 1159 quae
426 1110 637 1159 oportuna
668 1103 708 1144 ei
736 1103 828 1144 visa
859 1110 969 1155 sunt,
1002 1103 1220 1146 indicavit.
1277 1101 1394 1156 Quid
1424 1117 1521 1158 erqo
1556 1103 1691 1144 denuo

116 1183 272 1224 nostris
303 1178 536 1224 secretariis
567 1188 605 1222 te
634 1180 806 1236 inyredi
829 1180 1084 1237 postulasti?
1190 1179 1438 1223 Deneardus
1469 1179 1692 1234 religiosus

116 1257 327 1314 presbiter
357 1257 484 1301 dixit:
524 1258 710 1300 Domine
739 1259 821 1311 mi,
855 1259 956 1301 dum
985 1260 1107 1302 iuxta
1138 1261 1276 1301 sancti
1305 1258 1563 1315 apostolatus
1588 1273 1693 1315 pre-

117 1338 348 1394 ceptionem
377 1351 492 1380 meus
522 1338 718 1379 dominus
749 1337 1000 1392 Bonifatius
1032 1338 1274 1393 episcopus,
1295 1335 1495 1392 famulus
1524 1337 1694 1393 pietatis

117 1422 298 1468 vestrae,
331 1416 378 1457 in
405 1416 631 1472 provincia
662 1414 930 1457 Francorum
960 1416 1171 1471 synodum
1202 1423 1495 1471 a99re9asset5
1529 1423 1567 1457 et
1595 1429 1693 1471 rep-

111 1494 293 1550 perisset
321 1492 411 1535 illic
435 1493 581 1549 falsos
621 1494 876 1546 sacerdotes,
918 1493 1116 1536 hereticos
1157 1501 1194 1535 et
1232 1494 1509 1546 scismaticos,
1551 1493 1599 1535 id
1639 1501 1696 1535 est

118 1570 392 1614 Aldebertum
422 1579 459 1614 et
490 1569 757 1624 Clementem,
791 1572 1023 1613 sacerdotio
1050 1572 1256 1628 privans,
1289 1586 1377 1612 una
1409 1585 1502 1613 cum
1524 1572 1694 1627 princi-

113 1648 244 1705 pibus
274 1648 565 1702 Francorum,
607 1650 772 1691 retrudi
787 1649 900 1704 fecit
935 1651 982 1691 in
1022 1650 1268 1691 custodiam.
1333 1648 1364 1690 I
1363 1648 1413 1690 lli
1443 1657 1581 1691 autem
1610 1663 1696 1690 non

119 1727 167 1769 in
194 1727 457 1783 paenitentia
487 1728 663 1783 deyunt,
697 1735 744 1769 ut
773 1728 1013 1769 iudicatum
1045 1735 1125 1777 est,·
1157 1728 1230 1769 sed
1262 1741 1282 1768 e
1314 1728 1527 1769 contrario
1560 1726 1698 1768 adhuc

117 1804 326 1862 populum
364 1805 594 1848 seducenffi.
658 1805 748 1847 Pro
790 1819 872 1861 quo
914 1813 952 1847 et
990 1805 1099 1846 lianc
1139 1804 1360 1861 epistolam
1391 1804 1588 1861 praefati
1618 1805 1700 1846 mei

121 1883 306 1935 domini,
348 1897 476 1939 quam
506 1882 701 1925 manibus
739 1898 862 1939 yero,
907 1891 1041 1925 vestro
1080 1891 1224 1925 sancto
1257 1883 1516 1939 apostolatui
1544 1883 1696 1924 missus

123 1960 267 2017 offero,
299 1969 347 2003 ut
377 1975 469 2003 eam
500 1975 644 2003 coram
675 1969 941 2004 sacrosancto
969 1950 1145 2003 concilia
1167 1960 1503 2017 releyifaciatis.
1595 1958 1695 2002 Dic-

121 2041 211 2080 tum
252 2040 338 2081 est:
381 2037 654 2095 Suscipiatur
686 2039 885 2095 epistola,
929 2047 966 2082 et
1003 2054 1145 2081 coram
1181 2047 1326 2081 nostra
1352 2039 1596 2095 praesentia
1627 2053 1693 2079 re-

123 2117 299 2173 leqatur.
420 2114 478 2158 Et
525 2115 735 2172 accipiens
776 2115 1073 2172 Theophanius
1120 2117 1311 2159 notarius
1351 2115 1615 2170 regionarius
1656 2118 1698 2158 et

122 2193 391 2237 saccellarius
422 2193 573 2248 relegit
602 2194 647 2236 in
679 2193 744 2236 his
778 2194 1062 2237 sermonibus:

243 2270 672 2325 „Excellentissimod
716 2271 829 2327 patri
876 2275 1001 2327 atque
1046 2270 1275 2328 apostolico
1320 2269 1511 2328 pontifici
1557 2274 1599 2314 et
1644 2284 1695 2313 ex

124 2349 374 2394 auctoritate
414 2348 549 2392 sancti
578 2348 694 2391 Petri
732 2348 937 2405 principis
977 2348 1264 2405 apostolorum
1300 2348 1543 2404 magisterio
1574 2348 1696 2403 fret0‚

124 2426 354 2471 Zachariae
384 2440 535 2483 papae,
567 2425 804 2469 Bonifatius
838 2427 1014 2481 exiguus
1047 2440 1192 2471 servus
1224 2440 1441 2470 servorum
1464 2426 1544 2470 Dei
1577 2430 1697 2483 opta-

125 2504 251 2549 bilem
285 2505 330 2548 in
362 2504 530 2548 Christo
562 2504 757 2548 karitatis
790 2504 982 2548 salutem.

244 2581 475 2638 Postquam
504 2595 573 2625 me
605 2585 701 2626 ante
733 2595 865 2625 annos
897 2595 1030 2639 prope
1060 2583 1117 2625 30
1139 2581 1216 2625 sub
1237 2581 1528 2625 familiaritate
1549 2585 1591 2625 et
1611 2595 1699 2625 ser-

125 2661 230 2704 vitio
264 2659 519 2717 apostolicae
550 2660 683 2715 sedis,
725 2663 935 2703 annuente
968 2663 1010 2702 et
1040 2659 1212 2703 iubente
1243 2659 1508 2702 venerandae
1540 2673 1699 2703 memo-

125 2738 214 2782 riae
253 2737 471 2781 antestite⁰
511 2737 739 2794 apostolico
779 2734 1006 2791 Gregorio¹
1043 2737 1273 2792 anteriore,
1313 2740 1409 2780 voto
1450 2737 1697 2792 constrinxi,

224 2865 250 2886 a.
279 2868 355 2886 corr.
378 2858 406 2885 ἰιι
434 2855 602 2894 propositis
626 2857 660 2886 C.
812 2855 841 2885 b.
869 2855 979 2886 fuisset
1008 2867 1064 2884 om.
1090 2857 1133 2885 M.
1280 2863 1306 2884 c.
1335 2867 1411 2885 corr.
1433 2857 1461 2885 ἰιι
1492 2855 1640 2886 seducunt
1664 2858 1699 2887 C.

128 2909 158 2940 d.
186 2910 260 2940 haec
282 2921 327 2949 ep.
350 2916 394 2940 est
417 2921 466 2947 ap.
489 2910 511 2939 S
530 2910 600 2945 135,
625 2909 734 2946 W67,
757 2911 783 2939 G
801 2909 851 2940 57.
957 2918 983 2938 e.
1013 2920 1088 2938 corr.
1110 2910 1139 2938 in
1162 2908 1298 2938 antistite
1322 2909 1356 2939 C.

224 2979 256 3014 1.
289 2979 335 3014 ΙΙ.

1738 327 1807 363 745

1713 376 1779 407 Oct.
1795 378 1835 408 25

1759 2276 1828 2312 745

1721 2327 1790 2355 ante
1802 2324 1858 2355 Oct
