2028 3380
408 245 494 288 452
722 255 992 286 wammam
1021 255 1127 286 vrrA
1158 255 1192 286 s.
1216 255 1449 287 BomArn
1480 255 1578 287 cAP.
1600 255 1648 286 v1

315 357 383 393 723
406 350 568 393 litteras
606 348 811 405 praedicti
846 348 1021 392 Romani
1065 349 1271 406 pontificis
1308 350 1501 405 sedisque
1540 348 1807 406 apostolicae*
1829 347 1951 393 Garlo

407 427 524 470 duci³
555 425 722 479 detulit3
762 425 932 482 eiusque
963 426 1144 469 dominio
1177 440 1225 470 ac
1254 427 1484 484 patrocinio
1516 426 1724 470 subiectus
1737 423 1760 482 ¹,
1789 425 1952 470 ⁸adob-

406 516 541 547 sessas
566 506 663 546 ante
684 516 733 546 ea
753 502 985 546 Haeserum
1005 503 1188 547 moetas*
1210 516 1303 547 cum
1325 517 1528 548 consensu
1545 503 1657 546 Carli
1677 503 1793 547 ducis
1813 502 1950 547 rediit.

522 579 628 623 Tum
637 585 655 603 ‘³'
681 593 779 623 vero
810 580 1064 624 Haesorumd
1095 581 1180 624 iam
1209 581 1344 636 multi,
1376 580 1580 624 catholica
1608 579 1690 624 fide
1719 580 1874 624 subditi
1906 593 1954 624 ac

405 657 659 714 septiformis
689 654 870 714 Spiritus
901 658 1037 713 gratia
1067 657 1311 713 confirmati,
1342 671 1491 701 manus
1521 657 1818 714 inpositionem
1847 657 1953 701 acci-

404 737 591 791 perunt0.
638 734 695 778 Et
726 734 797 778 alii
828 735 1009 790 quidem,
1039 735 1223 778 nondum
1252 735 1390 779 animo
1419 735 1652 790 confortati,
1682 735 1954 778 intemeratae

404 811 504 869 fidei
535 812 782 855 documenta
810 812 971 867 integre
1001 813 1216 869 percipere
1246 816 1524 865 rennuerunt3
1565 811 1636 855 alii
1673 812 1798 856 etiam
1827 811 1952 867 lignis

406 892 447 932 et
482 889 666 932 fontibus
704 888 910 944 clanculo,
953 889 1024 932 alii
1062 893 1201 933 autem
1233 893 1375 947 aperte
1407 888 1713 943 sacrificabant3
1754 889 1825 932 alii
1854 902 1953 933 vero

405 966 612 1023 aruspicia
643 969 685 1010 et
714 966 1011 1022 divinationes,
1047 966 1267 1023 prestigiar
1297 971 1419 1023 atque
1448 966 1751 1010 incantationes
1781 965 1951 1021 occulte,

405 1043 476 1086 alii
507 1043 674 1099 quidem
704 1044 923 1087 manifeste
954 1044 1219 1098 exercebant3
1254 1043 1324 1087 alii
1357 1044 1510 1100 quippe
1542 1044 1717 1099 auguria
1746 1046 1788 1087 et
1814 1043 1953 1101 auspi—

403 1121 469 1163 cia
507 1120 779 1164 intendebant
809 1121 1075 1176 diversosque
1107 1120 1365 1164 sacrificandi
1395 1121 1500 1164 ritus
1531 1120 1804 1165 incoluerunt.
1864 1120 1952 1164 Ani

404 1198 550 1252 etiam,
601 1198 748 1254 quibus
793 1212 911 1241 mens
958 1198 1099 1241 sanior
1143 1199 1297 1252 inerat,
1345 1198 1458 1240 omni
1504 1198 1664 1242 abiecta
1708 1197 1952 1253 gentilitatis

402 1275 715 1331 profanatione,
754 1275 859 1318 nihil
894 1275 1042 1318 horum
1073 1275 1406 1318 commiserunt&
1454 1274 1638 1326 Quorum
1669 1274 1860 1318 consultu
1890 1277 1952 1318 at-

403 1365 482 1407 que
520 1351 692 1395 consilio
731 1352 924 1395 roborem
956 1352 1186 1407 quendamh
1217 1352 1322 1394 mire
1352 1351 1671 1407 magnitudinis,
1713 1351 1784 1408 qui
1814 1351 1952 1408 prisco

401 1429 673 1485 paganorumi
706 1428 905 1472 vocabulo
944 1416 1179 1486 appellatur
1214 1429 1341 1471 robor
1378 1429 1490 1471 Iovis
1501 1428 1531 1482 k,
1574 1429 1617 1472 in
1657 1429 1747 1472 loco
1788 1428 1860 1484 qui
1889 1428 1952 1471 di-

402 1506 510 1549 citur
531 1502 771 1549 Gaesmere¹
789 1503 816 1561 ²,
849 1506 980 1549 servis
1000 1506 1081 1549 Dei
1112 1518 1251 1549 secum
1280 1505 1554 1561 adstantibus,
1587 1505 1797 1549 succidere
1816 1509 1952 1563 temp-

401 1583 519 1626 tavit.
574 1582 783 1639 Cumque,
825 1584 978 1626 mentis
1016 1583 1249 1626 constantia
1285 1583 1562 1638 confortatus,
1601 1583 1792 1627 arborem
1822 1583 1952 1626 succi·

402 1660 551 1716 disset,
593 1674 748 1716 magna
785 1661 938 1717 quippe
977 1661 1121 1704 aderat
1158 1660 1277 1716 copia
1312 1673 1591 1716 paganorum,
1634 1660 1705 1716 qui
1742 1663 1784 1704 et
1812 1660 1952 1704 inimi-

401 1751 496 1780 cum
537 1738 710 1781 deorum
749 1752 918 1781 suorum
955 1738 1068 1780 intra
1106 1751 1150 1780 se
1190 1737 1508 1793 diligentissime
1546 1737 1807 1781 devotabant.
1871 1737 1953 1781 Sed

403 1815 455 1857 ad
485 1815 695 1858 modicum
727 1816 894 1871 quidem
927 1815 1073 1859 arbore
1103 1815 1336 1871 praecisam,
1369 1816 1587 1859 confestim
1616 1815 1806 1858 inmensa
1831 1814 1952 1858 robo-

401 1892 460 1934 ris
499 1892 651 1946 moles,
692 1893 832 1936 divino
865 1893 1042 1948 desuper
1071 1891 1173 1935 flatu
1204 1893 1415 1947 exagitata
1424 1900 1452 1948 ¹¹,
1490 1892 1712 1949 palmitum
1742 1892 1952 1935 confracto

403 1969 605 2024 culmine,
645 1970 813 2013 corruit.
875 1969 932 2013 Et
969 1970 1088 2025 quasi
1127 1969 1296 2026 superni
1326 1975 1450 2013 nutus
1483 1969 1653 2012 solatio⁰
1682 1969 1727 2011 in
1758 1971 1953 2024 quattuor

404 2046 530 2089 etiam
570 2050 711 2103 partes
750 2047 941 2103 disrupta
980 2050 1064 2101 est,
1113 2050 1154 2089 et
1197 2050 1392 2102 quattuor
1431 2047 1613 2101 ingentis
1653 2045 1951 2100 magnitudinis

404 2123 567 2179 aequali
596 2120 854 2178 longitudine
886 2124 1021 2166 trunci
1053 2123 1208 2179 absque
1237 2123 1414 2166 fratrum
1440 2123 1582 2167 labore
1603 2123 1857 2166 adstantium
1879 2136 1952 2180 ap-

403 2204 645 2257 paruerunt.
696 2199 784 2252 Quo
816 2201 918 2255 vise,
950 2200 1067 2257 prius
1100 2200 1340 2243 devotantes
1371 2201 1525 2257 pagani
1556 2200 1682 2244 etiam
1711 2213 1833 2243 versa
1862 2200 1951 2243 vice

403 2278 734 2321 benedictionem
765 2277 965 2332 Domino,
996 2278 1176 2334 pristina
1206 2277 1366 2320 abiecta
1396 2277 1706 2332 maledictione,
1737 2277 1951 2321 credentes

402 2354 686 2398 reddiderunt.
725 2354 840 2398 Tunc
862 2358 1000 2397 autem
1022 2368 1182 2397 summe
1202 2355 1434 2398 sanctitatis
1451 2355 1638 2409 antistes,
1661 2354 1831 2398 consilio
1845 2354 1950 2397 inito

404 2445 498 2475 cum
519 2432 733 2487 fratribus,
754 2431 938 2486 ligneum
959 2445 1011 2474 ex
1033 2445 1160 2488 supra
1180 2431 1314 2474 dictae
1336 2431 1494 2474 arboris
1515 2431 1708 2475 metallo⁹
1723 2431 1950 2474 oratorium

404 2509 637 2552 construxit
666 2509 873 2565 illudque‘¹
902 2509 947 2551 in
977 2508 1133 2551 honore
1164 2509 1296 2552 sancti
1326 2508 1439 2552 Petri
1470 2508 1647 2566 apostoli
1677 2508 1894 2552 dedicavit.

500 2607 526 2627 a.
555 2598 629 2627 duce
652 2600 685 2628 F.
788 2597 817 2628 b.
846 2599 934 2627 antea
955 2597 1119 2627 Hessorum
1141 2598 1235 2626 metas
1257 2599 1293 2627 A.
1398 2606 1423 2627 c.
1451 2606 1518 2627 cum
1540 2600 1573 2634 F,
1598 2599 1663 2627 tum
1683 2601 1719 2628 A.
1823 2596 1852 2627 d.
1873 2596 1948 2627 Hes-

404 2659 504 2680 sorum
527 2653 563 2680 A.
652 2660 678 2680 e.
706 2651 886 2690 acceperunt
906 2653 944 2680 A.
1034 2649 1054 2680 f.
1080 2650 1240 2691 prestigria
1260 2652 1292 2680 F.
1379 2658 1407 2687 g.
1435 2650 1663 2680 commisserunt
1683 2652 1717 2680 F.
1798 2649 1829 2679 11.
1857 2658 1948 2688 quen-

404 2703 473 2733 dam
495 2705 528 2739 F,
558 2703 707 2742 quandam
727 2707 765 2734 A.
868 2704 888 2733 i.
920 2703 1120 2733 Romanorum
1146 2703 1221 2734 Cod.
1246 2702 1373 2732 Vindob.
1395 2713 1420 2732 s.
1440 2704 1537 2738 XIII,
1567 2714 1624 2743 quo
1647 2704 1781 2733 Pertzius
1803 2714 1874 2733 usus
1895 2708 1948 2732 est.

403 2755 433 2785 k.
462 2756 541 2785 Iobis
564 2758 597 2786 F.
690 2756 710 2786 1.
738 2756 916 2786 Gaesmerae
937 2758 974 2793 A,
997 2756 1149 2785 Geismere
1171 2757 1207 2785 Β.
1295 2764 1334 2785 m.
1362 2755 1497 2793 praeciso
1513 2757 1546 2792 F,
1567 2755 1704 2795 praecisa
1717 2757 1754 2785 A.
1839 2764 1869 2785 n.
1899 2764 1947 2784 ex-

404 2809 533 2845 agitatur
555 2810 585 2838 et
600 2811 636 2839 A.
720 2818 747 2838 o.
776 2821 849 2839 corr.
871 2810 900 2838 in
921 2810 996 2838 nutu
1017 2808 1121 2838 solacii
1141 2810 1180 2839 A.
1261 2817 1291 2846 p.
1318 2808 1444 2837 materia
1457 2810 1498 2845 B;
1522 2820 1562 2838 an
1583 2808 1732 2839 medulla?
1813 2817 1842 2847 q.
1869 2816 1947 2838 eam-

405 2869 461 2899 que
484 2864 517 2898 F,
540 2861 672 2900 illudque
694 2864 731 2891 A.
1269 2886 1271 2889 .

500 2920 530 2954 1.
562 2919 608 2955 V.
633 2917 751 2954 Bonis.
777 2928 833 2963 ep.
851 2919 898 2953 24
930 2929 1039 2963 supra
1070 2928 1106 2963 p.
1123 2918 1180 2953 84.
1310 2917 1343 2952 2.
1376 2916 1542 2953 Geismar
1570 2927 1683 2962 prope
1714 2916 1945 2962 Fritzlariam,

404 2976 450 3010 ad
476 2977 712 3012 occidentem.
750 2976 803 3012 Of.
830 2977 971 3013 Wenck
995 2977 1188 3012 Hessische
1211 2975 1563 3021 Landesgeschichte
1586 2976 1621 3011 H
1636 2976 1716 3022 234,
1734 2976 1813 3012 235.
