2028 3386
348 243 401 285 16
712 254 746 284 s.
771 253 1005 285 BONTFATH
1035 256 1093 285 ΕΤ
1124 255 1258 285 LULLI
1288 255 1536 286 EPISTOLAE

342 350 480 391 nensis
512 347 603 402 (V)
642 350 830 392 codicum
875 351 1159 392 auctoritatem
1204 352 1397 392 revocavi
1407 346 1429 392 ¹.
1491 350 1532 392 A
1578 351 1717 394 codice
1755 349 1896 394 Caris—

342 426 515 468 rultensi
543 424 616 479 (C)
648 428 882 469 cautissime
911 435 1123 470 mutuatus
1154 442 1246 469 sum
1276 441 1445 480 memor,
1478 428 1779 473 emendationes
1811 429 1898 471 eius

342 518 427 545 non
471 505 668 546 veteriore
711 505 758 545 in
803 504 987 560 exemplo
1025 505 1188 546 versari
1224 505 1297 546 sed
1334 506 1585 561 eacoyitatas
1623 519 1718 548 esse.
1773 504 1900 548 Nihil

344 582 511 622 omnino
552 581 751 623 transtuli
777 583 990 624 varietatis
1023 582 1242 624 lectionum
1272 581 1323 624 ab
1359 581 1537 624 Otblono
1556 581 1725 637 factae,
1766 595 1899 638 neque

341 671 436 699 vero
467 659 614 713 respui
642 672 745 710 eam,
780 672 907 714 quam
930 659 967 700 is
989 659 1166 701 tradidit
1184 658 1310 711 solus,
1344 658 1561 715 epistolam
1581 659 1652 703 21.
1700 657 1901 702 Consului

343 735 466 776 etiam
505 735 686 776 codicem
715 734 961 777 Vaticanum
998 737 1044 777 in
1077 735 1272 778 Romana
1303 734 1484 791 Carafae
1521 737 1698 778 editione
1726 749 1897 793 reprae-

341 819 545 853 sentatum
575 810 684 864 (R),·
716 821 840 868 atque
869 812 999 867 refeci
1025 812 1249 854 nonnullas
1281 812 1476 868 epistolas
1508 827 1558 855 eoe
1589 812 1707 855 libris
1739 827 1896 865 eorum,

344 889 419 943 qui
447 888 645 930 subsidiis
672 897 818 944 postea
849 891 1016 931 amissis
1047 891 1116 932 usi
1143 897 1252 942 sunt,
1287 889 1494 932 Withelmi·
1512 889 1898 932 Malmesbum‘ensis

342 965 392 1006 de
419 965 573 1020 pontif.
603 965 732 1021 Anql.
766 965 833 1018 (v.
867 981 928 1023 ep.
953 965 1009 1019 3)
1048 981 1097 1008 ac
1137 968 1188 1008 de
1222 968 1348 1023 yestis
1388 981 1533 1022 requm
1562 965 1800 1023 Anqlorum
1830 964 1896 1019 (v.

342 1056 405 1097 ep.
428 1041 507 1094 59)
540 1050 578 1084 et
599 1042 851 1099 Spelmanni
880 1043 1066 1086 conciliis
1097 1043 1207 1085 orbis
1229 1044 1476 1086 Britannici
1495 1042 1552 1096 (v.
1577 1059 1639 1100 ep.
1661 1042 1756 1097 70).
1805 1042 1898 1096 Quo

343 1120 458 1160 omni
493 1128 707 1175 apparatu
745 1120 893 1162 collato
932 1121 980 1162 id
1016 1122 1100 1175 eyi,
1144 1129 1191 1162 ut
1228 1121 1327 1163 haec
1367 1121 1600 1164 litterarum
1635 1128 1899 1164 monumenta

338 1209 563 1250 qermanae
607 1211 707 1239 suae
753 1199 917 1240 etiamsi
961 1197 1101 1239 crebro
1146 1197 1362 1253 impolitae
1404 1213 1454 1239 ac
1495 1197 1700 1240 barbarae
1725 1197 1899 1253 formae

341 1273 566 1314 redderem.
759 1274 763 1277 ’

471 1348 743 1392 Utilissimum
795 1365 890 1392 vero
944 1353 1301 1406 necessariumque
1348 1366 1440 1393 cum
1484 1353 1694 1394 videretur
1739 1365 1899 1399 onmem

343 1426 612 1482 epistolarum
649 1427 820 1480 silvam,
864 1436 1227 1484 quantumcunque
1252 1428 1355 1482 fieri
1382 1436 1539 1484 posset,
1581 1429 1639 1470 ad
1668 1436 1899 1484 temporum

344 1504 532 1545 ordinem
569 1505 774 1559 diqerere,
819 1504 882 1546 liis
920 1519 969 1546 esc
1000 1505 1363 1547 deliberationibus
1394 1520 1524 1547 unum
1548 1507 1778 1562 praecipue
1807 1519 1898 1547 ma·

342 1580 471 1623 nabat
517 1583 815 1623 correctionum
848 1596 1000 1637 9enus;
1048 1596 1128 1637 quo
1169 1583 1335 1638 quidem
1372 1582 1590 1625 chronicae
1630 1582 1899 1638 epistolarum

336 1658 652 1713 pontificiarum
699 1666 821 1700 notae
866 1660 1139 1714 attinquntur.
1195 1659 1362 1701 Etenim
1403 1661 1449 1701 in
1481 1659 1713 1716 papalibus
1751 1660 1898 1702 aetatis

342 1734 458 1776 illius
492 1735 637 1777 litteris
669 1735 826 1777 solebat
855 1736 1098 1791 siqnificari,
1134 1744 1256 1791 quoto
1289 1751 1399 1778 anno
1430 1738 1601 1792 imperii
1629 1736 1681 1778 ab
1713 1737 1897 1793 impera-

343 1819 429 1853 tore
467 1813 576 1867 9esti
611 1812 734 1854 datae
771 1821 922 1865 essent,
965 1821 1088 1868 quoto
1127 1828 1237 1855 anno
1268 1821 1370 1869 post
1406 1813 1664 1855 consulatum
1701 1814 1895 1866 eiusdem,

343 1902 428 1943 qua
466 1889 692 1930 indictione
731 1887 958 1940 (nimirum
993 1888 1177 1942 Graeca,
1219 1906 1245 1931 a
1283 1891 1350 1931 die
1388 1890 1413 1931 1
1453 1904 1507 1931 m.
1542 1889 1797 1946 Septembris
1837 1890 1898 1931 ad

343 1965 452 2005 diem
472 1964 528 2006 31
553 1979 608 2005 m.
631 1964 816 2020 Auyusti
837 1965 1039 2021 patente).
1094 1966 1160 2008 Ac
1189 1967 1363 2008 diversis
1393 1967 1597 2008 eiusmodi
1620 1968 1895 2009 monumentis

342 2043 450 2083 inter
480 2056 523 2083 se
553 2043 849 2097 comparandis
868 2043 1006 2098 facile
1035 2043 1317 2098 intelliqimus,
1351 2043 1508 2085 scribas
1533 2043 1772 2098 pontificios
1800 2052 1897 2086 tunc

342 2132 438 2160 usos
471 2132 554 2160 esse
571 2118 770 2173 formula
800 2119 898 2161 bac:
934 2119 1262 2175 „Imperante
1300 2121 1481 2162 domno
1514 2121 1764 2176 piissimo
1803 2137 1894 2163 au—

340 2203 490 2251 9usto
523 2226 533 2236 .
553 2226 562 2237 .
584 2226 593 2236 .
628 2212 655 2237 a
675 2195 784 2237 Deo
818 2204 1065 2238 coronato
1097 2211 1275 2252 maqno
1307 2198 1622 2253 imperatore
1652 2212 1784 2239 anno
1806 2228 1816 2238 .
1836 2228 1846 2239 .
1866 2228 1893 2250 .,

1710 2273 1756 2324 “3
1792 2282 1830 2316 et
1858 2276 1898 2316 si

336 2280 458 2328 post
496 2272 818 2315 consulatum
857 2275 965 2315 eius
1004 2288 1135 2315 anno
1169 2304 1261 2326 ...,
1303 2275 1594 2316 indictione

342 2351 570 2405 imperator
589 2350 731 2403 filium
763 2350 962 2406 colleqam
992 2351 1161 2406 imperii
1177 2350 1363 2405 fecerat,
1400 2351 1479 2392 hac
1496 2351 1715 2406 formula:
1754 2350 1892 2402 „Im-

337 2434 554 2481 perante
594 2427 774 2468 domno
811 2428 1053 2482 piissimo
1092 2435 1308 2483 auqusto
1341 2458 1410 2483 ··.·
1445 2443 1471 2469 a
1502 2428 1608 2470 Deo
1647 2435 1893 2469 coronato

341 2517 523 2558 mayno
569 2504 883 2559 imperatore
928 2519 1060 2546 anno
1109 2534 1198 2556 ...,
1250 2513 1368 2559 post
1413 2505 1739 2547 consulatum
1785 2506 1893 2546 eius

343 2594 477 2622 anno
510 2611 601 2632 ...,
635 2582 722 2622 sed
752 2590 796 2623 et
928 2595 1109 2637 mayno
1141 2583 1460 2636 imperatore
1486 2581 1737 2636 eiusfilio
1760 2595 1892 2623 anno

887 2658 910 2677 “
981 2657 1068 2701 Sed
1106 2658 1274 2700 librarii
1309 2659 1498 2699 codicum
1529 2657 1820 2710 (Monacensis
1857 2665 1895 2700 et

344 2687 435 2709 ...,
478 2659 771 2700 indictione
913 2689 923 2699 .

438 2796 470 2829 1.
502 2794 628 2840 Neque
659 2806 745 2831 vero
776 2795 910 2841 ubique
942 2795 1164 2831 afferendam
1196 2795 1283 2831 duxi
1313 2796 1483 2831 leviorem
1515 2796 1709 2831 lectionum
1737 2795 1893 2831 varieta-

342 2855 428 2898 tem,
455 2853 657 2889 cuiusmodi
681 2858 754 2890 est:
791 2855 1004 2901 „aecclesia,
1031 2855 1195 2899 aeclesia,
1221 2854 1384 2900 ecelesia,
1411 2855 1561 2901 eclesia,
1593 2854 1785 2901 celebrare,
1812 2865 1891 2892 cae-

341 2911 500 2958 lebrare3
537 2916 804 2960 verumtamen,
835 2916 1092 2960 veruntamen3
1128 2916 1325 2960 quatenus,
1357 2914 1544 2960 quatinu53
1576 2923 1739 2960 recuses,
1771 2924 1891 2951 recus-

341 2969 427 3005 ses“
455 2973 524 3006 cet.
