2028 3380
360 222 467 252 vrrA
499 222 705 253 ARNOLDI
736 222 1085 254 Ancmnmscom
1114 221 1377 253 MOGUNTINI
1560 208 1646 252 609

81 318 267 362 maniam
295 317 408 361 fame
428 316 700 375 profligatura
720 318 979 372 minitabat·,
1011 320 1220 361 tercentos
1242 329 1449 374 pauperes
1471 339 1527 346 ——-
1549 329 1647 372 pro·
1661 320 1873 357 1152-1153

81 395 178 453 pria
205 408 335 439 manu
354 394 564 451 obsequiis
586 395 785 439 exhibitis
808 420 863 425 -
888 395 1097 438 alimoniis
1120 395 1323 438 sollicitus
1346 397 1388 438 et
1408 393 1647 451 specialiter

81 473 313 527 nutriebat3
345 473 439 516 aliis
470 472 620 529 quibus
650 473 808 517 victum
840 473 1097 528 largiebatur
1119 472 1331 527 adhibitis,
1364 485 1542 529 quorum
1563 485 1649 515 non

83 555 148 596 est
181 564 396 595 numerus,
443 550 589 594 Mensa
627 555 768 595 autem
806 552 939 608 ipsius
978 550 1110 594 multo
1141 550 1433 606 frequentique
1462 563 1649 607 paupere

80 629 246 686 hospite
275 642 325 673 ac
352 629 615 686 peregrinob.
663 629 800 673 Tanta
829 642 1011 685 namque
1041 628 1184 685 opinio
1216 628 1533 671 elimosinarum
1554 641 1650 670 sua-

80 720 175 750 rum
216 719 264 751 ac
302 707 474 764 pietatis
506 707 832 751 circumfuderat
863 719 1091 764 pauperes,
1133 706 1245 761 quod
1286 706 1339 748 ad
1369 706 1510 762 ipsum
1541 709 1649 748 tam-

82 798 208 842 quam
247 784 301 828 ad
337 785 558 842 proprium
596 788 839 840 certumque
869 784 1209 841 promptuarium
1241 783 1396 838 ubique
1428 796 1650 826 concurre-

80 867 187 907 rent.
308 862 569 918 Religionem
601 866 741 906 autem
772 876 899 918 super
930 875 1079 905 aurum
1112 865 1153 904 et
1182 861 1368 918 lapidem
1393 858 1651 918 pretiosum¹

81 954 330 997 omnemque
361 940 715 998 pulchritudinem
747 941 878 983 artius
911 939 1190 996 amplectens,
1230 939 1344 982 illius
1375 939 1650 996 professionis

80 1020 207 1074 viros,
239 1032 417 1075 quorum
446 1018 601 1074 iugiter
629 1018 848 1062 fruebatur
878 1018 1151 1062 contubernio
1174 1025 1456 1073 quorumque⁰
1478 1031 1651 1074 presen-

78 1097 211 1140 tiam·¹
238 1101 337 1154 post
366 1096 503 1140 Deum
532 1096 824 1151 venerabatur,
856 1100 1075 1152 tamquam
1105 1096 1257 1139 fratres
1291 1099 1332 1139 et
1362 1098 1506 1152 patres
1536 1095 1651 1139 fove-

79 1175 164 1230 bat,
196 1174 449 1229 honorabat3
482 1188 654 1218 manum
680 1174 827 1217 auxilii
848 1174 1136 1217 misericordie
1158 1173 1408 1229 sollicitique
1428 1173 1650 1216 tutaminis

80 1253 171 1297 sine
205 1253 517 1297 intermissione
551 1253 656 1309 ipsis
688 1253 948 1309 impertiens.
1071 1252 1274 1296 Ecclesiis
1306 1252 1435 1295 etiam
1467 1265 1650 1309 propen-

80 1332 167 1375 sius
194 1332 432 1387 intendens,
466 1331 678 1375 beneficiis
711 1345 780 1375 eas
812 1331 956 1374 multis
988 1334 1030 1374 et
1061 1330 1226 1385 magnis
1258 1343 1334 1387 pro
1359 1333 1504 1373 eterna
1525 1330 1650 1373 retri-

79 1409 249 1453 butione
280 1409 465 1453 dotabat.
513 1409 666 1453 Diruta
697 1423 843 1453 earum
873 1409 1091 1464 resarcire,
1124 1408 1289 1465 dilapsa
1313 1412 1438 1464 atque
1460 1408 1652 1464 dispersa

79 1500 354 1543 congregare,
387 1491 429 1531 et
458 1501 511 1531 ne
542 1488 697 1531 caritas
729 1501 802 1531 seu
833 1487 981 1542 religio
1013 1467 1142 1544 penes
1173 1487 1289 1544 ipsas
1321 1490 1554 1543 tepesceret
1585 1486 1651 1529 vel

78 1566 383 1621 remitteretur,
432 1565 635 1609 sollicitus
677 1569 779 1609 erat.
902 1565 1303 1622 Disciplinatissime
1343 1565 1428 1608 vite
1466 1564 1651 1619 rigorem

79 1643 368 1688 huiuscemodi
398 1644 546 1699 tenuit,
580 1644 689 1700 quod
720 1644 934 1701 principes
967 1657 1111 1686 omnes
1144 1643 1232 1686 eius
1255 1643 1531 1686 verebantur⁹
1553 1656 1650 1699 pre-

79 1723 274 1777 sentiam,
306 1722 609 1778 cessabantque
639 1722 755 1777 loqui
785 1722 830 1764 in
862 1722 950 1765 eius
983 1725 1208 1778 conspectu
1241 1724 1282 1764 et
1303 1721 1481 1776 digitum
1504 1735 1650 1778 super-

79 1799 311 1858 ponebant‘
341 1800 404 1843 ori
443 1797 555 1843 suo'.
604 1800 694 1843 Dess
723 1800 857 1856 ipsius
899 1800 1056 1856 quippe
1094 1799 1392 1856 probatissime
1429 1812 1651 1842 conversa-

78 1878 205 1922 tionis
237 1878 465 1936 specimine
495 1878 594 1921 talis
626 1878 815 1922 elucebat
844 1878 1082 1931 moralitas,
1126 1881 1173 1920 ut
1205 1877 1400 1933 quilibet,
1441 1878 1512 1933 qui
1544 1878 1652 1920 hanc

79 1957 363 2014 experientia*¹
395 1957 571 2014 adipisci
601 1956 779 2012 valeret,
812 1957 1030 2000 inventum
1060 1961 1275 2000 tesaurum
1307 1959 1523 2011 tamquam
1555 1969 1651 2012 pre·

77 2035 184 2079 tiose
213 2031 463 2090 margarite³
493 2038 694 2092 portaret.
751 2035 797 2078 In
830 2035 1089 2078 orationibus
1120 2035 1371 2090 ieiuniisque
1403 2047 1528 2090 quam
1561 2047 1650 2076 cre-

77 2112 259 2157 berrime
289 2113 581 2170 procumbens,
613 2113 803 2156 divinum
835 2112 1018 2156 officium
1048 2116 1167 2155 tanta
1187 2112 1468 2156 venerabatur
1487 2112 1649 2155 instan-

78 2191 159 2246 tia,
208 2194 257 2235 ut
293 2191 340 2234 in
376 2191 618 2235 beatissime
658 2191 791 2235 Marie
829 2190 1062 2234 officiorum
1100 2191 1310 2247 inpensis,
1357 2190 1457 2233 licet
1495 2189 1647 2233 seniles

77 2269 306 2326 multisque
335 2269 548 2313 laboribus
576 2269 775 2324 fatigatos
805 2273 968 2324 gereret
989 2272 1119 2323 artuS,
1150 2282 1381 2324 numquam
1403 2269 1532 2325 ipsos,
1565 2268 1649 2311 nisi

78 2347 329 2402 gravissima
357 2347 635 2391 invalitudine
666 2361 850 2404 pressus,
884 2347 1156 2403 quiescendos
1191 2346 1439 2402 quandoque
1459 2347 1647 2390 remitte-

77 2429 162 2479 ret3
201 2425 444 2470 innumeras
483 2424 652 2469 venias⁴
690 2428 778 2468 toto
818 2438 993 2482 corpore
1025 2424 1207 2468 Domino
1247 2438 1341 2468 cum
1381 2409 1566 2468 lacrimis
1607 2427 1649 2467 et

78 2503 237 2558 gemitu
275 2503 453 2547 solvens.
501 2503 559 2547 Et
597 2517 689 2546 cum
730 2503 889 2546 terreni
926 2503 1095 2560 imperii
1133 2517 1210 2560 pro
1253 2506 1469 2560 assumpto
1511 2502 1646 2545 officio

77 2581 302 2625 instantius
334 2585 607 2639 occuparetur
639 2581 871 2637 obsequiis,
908 2595 1137 2637 numquam
1172 2582 1210 2624 ei
1242 2581 1449 2638 pigritiesi
1482 2580 1649 2637 sompni

175 2699 202 2720 a.
230 2689 426 2729 profligatura
454 2689 613 2719 minitabat
639 2690 750 2727 scripsi
767 2700 823 2727 pro
845 2688 1068 2727 profligaturam
1092 2689 1218 2718 nutabat
1242 2690 1274 2725 1,
1304 2689 1500 2727 profligatura
1521 2688 1647 2727 putaba-

77 2745 128 2774 tur
148 2745 177 2774 2.
281 2743 310 2773 b.
339 2745 385 2774 εἰσ
406 2743 498 2773 codd.
603 2752 629 2772 ο.
658 2751 784 2781 quorum
808 2743 836 2772 2.
943 2742 972 2771 d.
994 2741 1084 2781 pi'icia
1106 2744 1134 2778 1,
1156 2743 1360 2781 praesentiam
1383 2744 1410 2771 2.
1514 2751 1540 2771 e.
1569 2741 1646 2771 fere—

77 2796 187 2828 bantur
209 2798 244 2835 1,
265 2796 447 2828 verebantur
469 2798 498 2827 2.
581 2796 603 2827 f.
632 2796 844 2835 supponebant
867 2797 895 2833 1,
921 2796 1166 2835 superponebant
1188 2797 1217 2826 2.
1301 2804 1328 2833 g.
1357 2795 1401 2825 Ex
1424 2796 1452 2825 2.
1536 2795 1566 2825 h.
1596 2805 1646 2825 ex-

77 2851 257 2890 perientiam
279 2852 308 2881 2.
413 2850 433 2880 i.
462 2850 601 2889 pigrities
622 2852 733 2889 scripsi
749 2862 805 2888 pro
828 2850 960 2888 ingeries
984 2851 1012 2880 1.
1035 2851 1062 2880 2.

174 2922 207 2957 1.
237 2921 296 2957 Ps.
316 2922 372 2967 18,
392 2922 448 2957 11.
545 2921 578 2956 2.
612 2920 677 2956 Iob
703 2921 760 2966 29,
778 2921 819 2955 9:
848 2920 1060 2966 „Principes
1086 2919 1281 2955 cessabant
1305 2919 1403 2965 loqui
1428 2921 1466 2954 et
1490 2918 1645 2964 digitum

78 2979 374 3027 superponebant
398 2981 450 3016 ori
476 2991 543 3016 suo
556 2979 586 3016 “.
684 2981 716 3016 3.
751 2979 805 3015 Cf.
832 2979 959 3016 Matth.
981 2981 1035 3025 13,
1054 2980 1112 3015 46.
1208 2980 1242 3015 4.
1276 2979 1540 3015 inclinationes.

137 3045 242 3079 Jnn'.
264 3048 454 3076 Bibliotheca
474 3048 525 3077 111.
1314 3046 1359 3080 39
