2028 3380
358 205 464 234 vrrA
495 203 702 234 ARNOLm
731 202 1082 234 ARGfflEPlscom
1113 201 1374 233 MOGUNTINI
1559 187 1646 230 673

79 299 155 344 ris*
178 297 393 354 suffiiltus,
431 298 679 356 perveniens
713 323 767 329 —
800 302 947 342 octavo
986 297 1051 340 sui
1089 295 1484 354 metropolitanatus
1523 307 1646 349 anno,

80 377 167 421 iam
203 376 440 433 grandevus
479 379 522 420 et
551 376 700 433 plenus
731 377 918 431 dierum,
957 375 1163 430 gloriosus
1195 378 1238 418 et
1268 374 1443 418 decorus
1474 373 1519 416 in
1549 385 1648 415 con-

80 458 228 513 spectu
266 454 459 512 Domini,
506 455 798 511 Maguntinam
838 452 1057 497 ecclesiam
1097 453 1164 496 cui
1202 455 1371 509 preerat
1409 451 1461 495 ab
1503 450 1647 508 impiis

79 518 252 576 suorum
290 532 442 577 civium
485 533 647 590 eripere
678 532 821 576 volens
851 530 1062 585 faucibus,
1103 530 1296 573 ultimam
1329 530 1394 572 sui
1425 528 1649 572 sacerdotii

80 610 232 655 stolam
262 609 409 656 lavans
439 611 485 655 in
516 610 719 666 sanguine
742 610 853 665 agni,
886 623 912 652 a
931 607 1093 666 perfida
1115 607 1235 664 plebe
1257 607 1439 661 occisus3
1470 606 1647 650 infulam

79 691 330 746 perpetuam
360 703 386 733 a
417 689 586 733 domino
619 688 713 732 Iesu
744 687 933 742 Christo,
972 699 1049 743 pro
1090 685 1207 728 cuius
1239 685 1396 728 honore
1427 685 1647 742 proprium

80 767 328 822 sanguinem
363 767 491 822 fudit,
532 780 641 810 anno
682 765 889 809 dominice
920 763 1222 807 incarnationis
1254 762 1477 806 millesimo
1511 765 1649 805 cente-

81 844 188 888 simo
225 845 487 901 sexagesimo
519 847 571 888 8·
602 843 777 888 Kalend.
811 842 908 886 Iulii
944 841 1125 886 feliciter
1156 845 1198 884 et
1227 840 1408 884 fideliter
1440 843 1505 884 est
1535 853 1648 883 asse-

81 925 215 966 cutus.

197 1000 320 1044 Nunc
349 1003 490 1044 autem
521 1000 700 1058 profana
730 1003 772 1043 et
802 998 1003 1056 pestilens
1036 996 1260 1040 multitudo
1292 995 1562 1051 Maguntina,
1603 998 1650 1038 ut

79 1079 291 1137 copiosius
328 1078 435 1122 iram
466 1078 547 1122 Dei
586 1082 628 1122 et
667 1078 854 1121 omnium
895 1079 1134 1120 sanctorum
1169 1078 1210 1118 et
1241 1078 1488 1118 cunctorum
1520 1074 1649 1117 bono-

78 1171 174 1201 rum
204 1156 421 1200 hominum
452 1156 602 1214 super*
634 1169 679 1200 se
710 1158 980 1213 provocaret,
1013 1154 1063 1197 de
1095 1153 1190 1210 ipsa
1221 1153 1418 1208 ecelesia,
1450 1152 1523 1195 ubi
1555 1165 1650 1195 eum

78 1235 209 1292 impie
254 1238 296 1278 et
332 1234 561 1278 inhumane
601 1235 939 1288 interemerant⁸,
981 1235 1193 1275 mortuum
1234 1234 1276 1274 et
1316 1234 1536 1274 enecatum
1575 1243 1651 1286 per

79 1313 229 1371 pedes,
266 1317 483 1369 tamquam
513 1326 682 1368 canem,
724 1313 769 1356 in
799 1312 965 1355 foveam
997 1309 1209 1366 quandam
1240 1309 1477 1366 platearum
1509 1312 1650 1351 traxe-

78 1394 191 1434 runt.
237 1390 296 1434 Et
325 1391 633 1435 subsannantes
666 1391 717 1446 ei,
750 1391 1020 1444 iurantesque
1044 1402 1119 1444 per
1140 1387 1371 1444 impietatis
1393 1386 1648 1443 nequitiam:

81 1468 192 1525 quod
221 1468 293 1513 ille
324 1468 618 1524 mortificator,
660 1482 789 1512 senex
820 1468 1050 1525 pessimus,
1082 1480 1298 1523 nunquam
1330 1466 1463 1509 emori
1494 1467 1649 1521 posset,

80 1547 209 1591 immo
241 1547 452 1604 quendam
473 1547 739 1604 capellanum
762 1560 883 1590 suum
907 1545 987 1589 sibi
1009 1545 1204 1600 similem,
1236 1558 1322 1587 non
1343 1544 1497 1600 ipsum,
1530 1543 1651 1597 iugu-

80 1624 286 1680 lassent⁴¹3
326 1626 480 1669 iterum
510 1625 726 1669 irruerunt
754 1625 799 1667 in
829 1624 982 1681 ipsum.
1032 1623 1185 1667 Intima
1217 1623 1376 1677 cordiS,
1409 1621 1651 1676 ventrisque

79 1704 209 1748 totius
239 1703 379 1759 gelida
409 1704 643 1761 penetralia
674 1703 808 1760 ipsius
839 1716 916 1759 per
947 1702 1078 1757 gladii
1099 1701 1299 1745 sevientis
1322 1699 1650 1744 animadversio-

79 1795 178 1826 nem
207 1782 370 1838 rimati‚
411 1782 736 1838 circumquaque
768 1781 1001 1835 concisum,
1043 1794 1137 1823 eum
1170 1780 1330 1834 denuo,
1371 1782 1575 1834 quantum
1606 1778 1651 1820 in

80 1860 206 1917 ipsis,
253 1860 437 1904 occisum
486 1860 739 1904 occiderunt.
800 1859 857 1902 Et
901 1858 1052 1902 exinde
1090 1858 1248 1900 nudum
1288 1861 1330 1900 et
1369 1857 1648 1909 inhumatum,

79 1938 334 1982 miserabili’
364 1939 512 1982 funere
544 1938 758 1982 volucrum
787 1937 1118 1992 latrantiumque
1138 1936 1287 1978 rostris
1311 1935 1574 1989 trahendum,
1606 1935 1651 1976 in

81 2029 303 2060 cavearum
352 2030 631 2073 agrorumque
673 2015 880 2059 horrenda
916 2013 1210 2071 inoptataque‘
1250 2014 1475 2057 solitudine
1515 2013 1650 2056 solum

81 2098 124 2138 et
151 2094 492 2152 inexequiatum⁸
523 2094 804 2147 dimittentes3
844 2107 920 2150 per
952 2093 1139 2135 triduum
1173 2092 1433 2149 sepulturam
1464 2092 1508 2134 in
1541 2095 1650 2134 esta-

80 2173 136 2216 tis
165 2173 259 2230 ipso
289 2172 486 2228 flagranti
516 2172 681 2216 fervore
713 2172 793 2215 sibi
824 2175 1096 2226 negaverunt.

200 2250 284 2295 Sed
320 2252 411 2295 sine
449 2250 651 2307 publicish
693 2250 880 2305 exequiis
913 2248 1104 2292 Christus
1147 2249 1365 2291 martirem
1405 2261 1526 2291 suum
1566 2260 1651 2289 non

80 2330 254 2374 dimisit.
308 2329 418 2373 Nam
456 2329 501 2372 in
538 2328 630 2385 ipso
668 2327 929 2371 imminentis
968 2328 1104 2370 noctis
1146 2327 1335 2381 silentio,
1378 2326 1488 2381 quod
1529 2339 1650 2368 suum

79 2411 178 2466 post
215 2407 375 2452 obitum
415 2406 712 2464 peremptorie³
744 2406 992 2450 succedebat
1025 2406 1107 2448 diei
1121 2402 1143 2460 ¹,
1194 2404 1524 2448 circumstabant
1555 2417 1649 2446 eum

80 2499 315 2544 pauperum
345 2485 568 2529 viduarum
597 2483 855 2541 pupillorum
887 2483 1253 2540 orphanorumque
1281 2482 1506 2525 multitudo
1528 2482 1651 2524 innu-

81 2577 219 2621 mera,
261 2577 365 2620 quos
403 2577 570 2621 semper
610 2563 724 2605 victu
763 2562 1001 2617 vestituque
1040 2561 1198 2614 alebat3
1248 2561 1471 2618 ymnidicis
1513 2559 1649 2603 choris

178 2730 206 2751 a.
234 2721 253 2752 8
275 2732 333 2751 om.
357 2722 385 2758 1,
408 2721 436 2750 2.
538 2719 567 2749 b.
597 2730 654 2748 om.
677 2720 705 2748 2.
809 2726 835 2747 c.
865 2717 1052 2747 iuterimerat
1075 2718 1102 2746 1.
1198 2716 1227 2746 d.
1257 2716 1445 2753 iugulassent
1466 2717 1578 2753 scripsi
1594 2726 1650 2754 pro

82 2773 287 2813 agladiassent
309 2776 337 2812 1,
360 2776 388 2804 2.
514 2783 540 2803 e.
569 2772 740 2802 miserabile
764 2772 792 2801 1.
909 2771 930 2800 f.
960 2771 1155 2808 inoptataque
1178 2772 1287 2809 scripsi
1305 2781 1362 2807 pro
1384 2770 1546 2807 ineptaque
1570 2769 1598 2805 1,
1622 2769 1650 2798 2.

82 2836 110 2866 g.
136 2828 373 2867 inexeqnitatum
397 2828 424 2864 1,
446 2827 669 2866 inexequiatum
692 2827 720 2855 2.
836 2824 866 2854 h.
896 2824 1016 2863 pudicis
1040 2825 1067 2853 1.
1184 2823 1204 2852 i.
1233 2823 1436 2861 peremptorie
1459 2824 1570 2862 scripsi
1593 2833 1650 2861 pro

82 2882 238 2920 perempte
261 2882 290 2918 1,
310 2881 461 2920 perempti
484 2881 512 2911 2.

180 2963 211 2998 1.
242 2962 265 2998 i.
285 2973 317 2998 e.
344 2973 388 2997 ea
412 2965 530 3007 nocte,
557 2971 650 3006 quae
675 2961 770 2996 inter
794 2960 890 2995 diem
917 2959 964 2994 24
990 2962 1027 2994 et
1053 2960 1098 2994 :25
1124 2970 1170 2994 m.
1189 2958 1283 2994 Iunii
1308 2958 1527 2994 intercessit.

141 3026 247 3060 duri.
271 3029 462 3057 Bibliotheca
483 3029 534 3057 111.
1317 3025 1364 3059 43

1686 300 1705 334 1
1712 299 1779 334 160

1670 349 1733 378 Iun.
1750 349 1791 378 24

1679 2102 1741 2131 Iun.
1755 2102 1876 2131 24—26
