2028 3380
403 230 489 273 682
724 242 985 273 cums‘rmm
1015 243 1281 275 0111101110οΝ
1311 245 1621 278 moeni-trusum

401 335 575 390 genibus
586 342 612 389 ⁶,
645 335 689 377 in
719 335 888 390 femore,
920 336 963 379 in
984 336 1182 393 humeris,
1213 337 1258 381 in
1279 339 1434 395 cubito,
1462 341 1506 383 in
1526 342 1732 397 manibus,
1763 342 1807 385 in
1828 342 1948 398 00110,

400 412 471 455 ubi
510 412 674 468 corpori
710 412 938 456 inherebat.
987 413 1163 457 Caetera
1198 428 1296 471 pars
1336 418 1543 473 corporiS,
1584 418 1753 462 dorsum
1791 419 1950 464 scilicet

401 492 442 531 et
478 492 642 543 venter,
680 489 839 545 pariter
877 490 1138 534 coherebant.
1186 491 1242 534 Et
1266 492 1355 535 rhoc
1390 493 1504 548 ideo,
1543 497 1590 537 ut
1619 471 1875 540 dommodius
1906 500 1948 541 et

400 566 584 608 securius
621 570 763 622 posset
799 567 844 609 in
877 567 1021 622 archa,
1061 568 1140 611 sibi
1172 569 1224 611 ad
1253 569 1332 613 hoc
1361 570 1579 627 deputata,
1617 572 1853 628 specialiter
1881 587 1949 618 18-

403 643 574 686 servari.
696 643 810 686 Haec
839 658 935 687 raro
965 645 1219 701 ponebatur,
1258 646 1339 689 nisi
1369 647 1476 690 forte
1505 652 1725 704 praesente
1754 663 1851 706 rege
1879 651 1948 695 vel

401 719 481 762 alio
512 709 663 774 magno
695 720 896 777 principe,
929 722 1043 764 etin
1074 722 1192 765 festis
1222 723 1401 779 paschae
1431 724 1498 767 vel
1517 725 1670 769 natalis
1690 725 1875 783 Domini,
1905 731 1948 772 et

351 805 355 808 “
399 795 593 852 pontifice
623 797 701 840 hoc
731 797 909 841 iubente.
958 797 1062 841 Cum
1095 803 1232 842 autem
1266 800 1342 843 hoc
1371 799 1463 843 fieri
1495 802 1733 858 oportebat,
1771 807 1872 848 tunc
1899 805 1946 848 in

398 873 487 916 loco
517 873 637 917 valde
669 875 889 930 eminenti,
928 875 972 918 in
1011 876 1167 932 templo
1200 890 1325 933 super
1355 878 1536 933 trabem,
1576 879 1648 923 ubi
1677 879 1782 923 nulli
1811 881 1945 925 alieno

397 950 567 1006 patebat
598 964 800 1007 accessus,
833 966 857 994 a
881 952 1082 996 ministris
1102 952 1292 997 fidelibus
1312 954 1538 998 Iocabatur.
1630 957 1678 1000 In
1697 957 1819 1002 huius
1840 958 1945 1002 ima-

397 1028 505 1082 ginis
538 1030 673 1085 capite
704 1028 793 1072 loco
826 1029 1038 1072 oculorum
1070 1034 1188 1073 erant
1219 1031 1323 1074 duae
1354 1045 1555 1088 gemmae,
1589 1047 1690 1090 quas
1718 1034 1945 1079 carbuncu-

396 1105 458 1147 los
490 1109 653 1160 vocant,
685 1109 827 1149 tantae
857 1107 1157 1161 magnitudinis
1182 1111 1228 1150 ut
1248 1108 1328 1151 duo
1350 1109 1480 1152 vitelli
1502 1123 1695 1164 ovorum3
1728 1104 1863 1167 quiin
1883 1115 1944 1156 te-

397 1182 536 1225 nebris
568 1183 853 1226 coruscabant.
955 1183 1062 1226 Huic
1093 1185 1203 1227 cruci
1234 1185 1458 1241 inscriptus
1490 1191 1579 1230 erat
1610 1201 1753 1232 versus
1783 1189 1884 1233 iste:

617 1260 724 1302 Auri
755 1263 970 1303 sexcentas
1001 1261 1126 1305 habet
1156 1262 1257 1305 haec
1287 1275 1388 1305 crux
1420 1277 1546 1307 aurea
1575 1264 1716 1308 libras.

395 1336 452 1378 Et
490 1336 626 1391 notab,
667 1337 775 1392 quod
816 1351 898 1380 una
934 1338 1042 1381 libra
1079 1339 1204 1382 habet
1242 1339 1345 1382 duas
1382 1341 1573 1384 marchas
1606 1342 1715 1396 auri3
1755 1343 1815 1386 sic
1845 1356 1942 1399 ergo

396 1417 516 1456 erant
553 1413 666 1456 mille
707 1417 748 1457 et
788 1414 990 1458 ducentae
1029 1416 1197 1459 marche
1237 1417 1327 1459 auri
1357 1417 1656 1473 probatissimi.
1703 1419 1789 1463 Nec
1819 1420 1943 1463 silen-

395 1490 494 1532 dum
534 1491 732 1534 arbitror:
779 1505 855 1547 pro
904 1492 1074 1548 speciali
1117 1492 1240 1535 huius
1280 1494 1369 1536 auri
1410 1496 1766 1539 examinatissimo
1802 1497 1942 1541 valore

394 1580 496 1610 crux
526 1568 621 1623 ipsa
650 1569 821 1624 proprio
852 1569 1020 1612 nomine
1051 1570 1306 1613 censebatur.
1353 1570 1590 1615 Vocabatur
1621 1576 1760 1617 autem
1783 1573 1939 1618 Benna.

511 1645 575 1688 De
606 1645 860 1688 indumentis
883 1647 1149 1702 quotidianis,
1182 1648 1385 1703 crucibuS,
1418 1649 1628 1705 calicibus,
1661 1651 1856 1707 ampullis
1877 1655 1939 1695 at-

394 1722 635 1777 tinentibuS,
669 1726 710 1765 et
738 1723 960 1766 thuribulis
991 1724 1244 1768 mentionem
1274 1725 1410 1769 facere
1440 1730 1611 1783 propter
1624 1727 1939 1772 vmultitudinem

393 1813 477 1842 non
514 1799 617 1842 bene
655 1808 863 1856 possum0.
987 1800 1068 1844 Sed
1107 1802 1204 1857 quia
1242 1803 1292 1845 de
1333 1803 1528 1846 calicibus
1570 1804 1765 1859 dicimuS,
1812 1805 1939 1850 subiit

392 1877 607 1932 memoria,
640 1877 749 1933 quod
779 1877 938 1920 fueram
969 1878 1052 1921 iam
1086 1878 1250 1922 oblitus.
1297 1879 1430 1923 Erant
1460 1881 1608 1924 calices
1636 1881 1850 1925 duodecim
1873 1896 1939 1926 ar-

392 1954 551 2008 gentei,
585 1967 727 1997 omnes
759 1955 965 2009 deaurati,
999 1956 1182 1999 eiusdem
1214 1958 1429 2014 ponderis,
1462 1971 1555 2000 cum
1586 1959 1750 2015 patenis
1782 1960 1939 2004 scilicet

392 2031 443 2074 de
467 2031 601 2074 tribus
622 2032 822 2086 marchis3
855 2033 1022 2089 dempto
1044 2033 1183 2088 calice,
1217 2035 1286 2089 qui
1308 2034 1543 2090 pertinebat
1563 2035 1615 2078 ad
1635 2035 1769 2079 maius
1791 2037 1935 2093 altare,

392 2112 433 2151 et
462 2108 498 2151 is
530 2112 712 2152 caeteros
745 2110 919 2152 dimidia
948 2111 1117 2153 marcha
1145 2111 1433 2167 praecellebat.
1481 2111 1661 2156 Cuilibet
1679 2113 1798 2156 calici
1818 2118 1938 2158 erant

391 2186 592 2242 speciales
631 2187 838 2243 ampullae
869 2191 1088 2242 argenteae
1119 2191 1160 2231 et
1190 2188 1337 2244 pyxis‘¹
1369 2193 1565 2243 argentea
1596 2189 1647 2232 ad
1677 2189 1835 2234 hostias
1865 2191 1936 2235 de-

390 2267 549 2320 putata.
669 2263 840 2307 Praeter
871 2264 945 2307 hos
978 2265 1126 2323 calices
1158 2270 1276 2308 erant
1306 2269 1390 2309 tres
1423 2267 1550 2309 aurei.
1597 2266 1644 2310 In
1674 2280 1757 2310 uno
1787 2268 1934 2312 horum

389 2344 554 2397 poterat
585 2341 798 2396 celebrari,
831 2342 949 2397 quia⁰
981 2343 1106 2384 etiam
1138 2356 1233 2385 suas
1264 2343 1409 2386 habuit
1440 2343 1643 2400 ampullas
1672 2348 1713 2388 et
1736 2345 1935 2401 pyxidem

391 2418 441 2460 ad
482 2418 639 2461 hostias
672 2433 722 2462 ex
755 2432 855 2461 auro
886 2419 1109 2475 purissimo
1142 2424 1183 2462 et
1212 2421 1473 2474 margaritis,
1515 2424 1556 2463 et
1585 2435 1730 2477 peram
1761 2422 1814 2465 ad
1844 2436 1933 2466 cor-

388 2495 562 2551 poralia,
593 2495 674 2538 filis
707 2496 842 2539 aureis
874 2496 1054 2551 insertiS,
1086 2497 1183 2539 miri
1213 2498 1351 2553 operis
1373 2501 1415 2540 et
1435 2498 1604 2541 decoris,
1714 2498 1934 2543 Habebant

396 2572 522 2615 etiam
560 2573 708 2616 calices
749 2573 821 2616 alii
858 2587 953 2616 suas
991 2587 1114 2629 peras
1145 2574 1199 2616 ad
1229 2575 1461 2631 corporalia
1492 2588 1542 2618 ex
1573 2589 1760 2632 purpura
1790 2580 1831 2620 et
1860 2590 1932 2620 au-

387 2650 602 2705 riphrigiis
634 2651 867 2693 adornatas.
979 2650 1113 2693 Erant
1141 2650 1304 2694 fistulae
1336 2652 1515 2707 quinque
1546 2652 1597 2694 ad
1625 2653 1932 2697 communican-

389 2726 507 2781 dum,
547 2731 767 2782 argenteae
805 2728 1040 2771 deauratae.
1160 2728 1294 2771 Erant
1339 2726 1475 2772 colael
1511 2733 1732 2784 argenteae
1767 2743 1929 2786 novem,

484 2854 509 2874 a.
539 2845 683 2882 genuibus
705 2847 752 2875 ed.
854 2846 884 2876 b.
913 2846 1073 2876 Sciendum
1094 2847 1193 2876 tamen
1209 2849 1234 2876 T
1241 2858 1296 2885 pro
1315 2846 1353 2875 Et
1372 2848 1451 2876 nota.
1556 2856 1581 2877 c.
1610 2847 1739 2878 arbitror
1759 2849 1892 2879 ociosum
1908 2852 1933 2879 T

385 2908 441 2934 pro
463 2906 523 2926 non
544 2897 620 2927 bene
641 2907 774 2937 possum.
878 2899 907 2928 d.
932 2899 1021 2938 pypis
1044 2900 1091 2928 ed.
1195 2908 1221 2928 e.
1250 2899 1301 2938 qui
1322 2900 1369 2929 ed.

482 2966 513 3000 1.
546 2967 635 3002 cola.
