2028 3380
381 248 470 291 510
854 261 1105 292 LIUTOLFUS
1135 263 1195 293 DE
1227 263 1261 293 s.
1284 263 1457 295 SEVERO

379 354 588 396 saeculum
615 355 796 409 yerebat.
843 355 949 398 Hic*
981 357 1194 412 quandam
1212 358 1423 413 feminam
1441 361 1488 401 in
1507 361 1819 402 matrimonium
1836 362 1928 402 &br-²

380 433 477 473 titus
521 429 603 472 esth
640 433 806 473 nomine
842 432 1119 486 Vincentiam,
1171 436 1221 476 de
1257 449 1341 491 qua
1376 422 1520 492 ⁸{tenuit
1553 437 1694 490 filiam
1730 436 1929 483 vocabulo

380 507 678 549 Innocentiam.
726 506 827 550 Cum
858 510 1007 565 quibus
1039 525 1167 567 opera
1196 512 1435 565 muliebria,
1468 515 1619 556 victum
1651 515 1927 570 quaeritans-⁸,

383 584 655 640 operabatur;
684 601 784 627 nam
816 587 957 629 lanam
986 603 1082 629 nere
1112 603 1225 630 more
1243 589 1506 643 feminarum
1529 598 1651 646 atque
1670 598 1804 633 temere
1823 591 1928 633 sote-

380 661 470 711 bat5
501 663 611 703 unde
640 663 763 718 vulyo
795 664 985 706 lanarius
1005 665 1242 707 vocabatur.
1337 666 1485 719 Qualis
1507 675 1642 708 autem
1659 669 1802 710 meriti
1820 669 1930 710 idem

378 740 445 780 vir
461 738 603 794 fuerit
631 748 735 796 aput
763 742 972 783 internum
1002 744 1193 794 iudicem,
1229 744 1351 784 etiam
1381 744 1614 785 bominibus
1643 745 1754 786 idem
1774 745 1931 787 arbiter

379 818 628 858 innotescere
658 820 831 870 curavit,
865 820 972 861 sicut
1000 821 1045 861 in
1076 820 1335 875 sequentibus
1357 821 1716 863 demonstrabitur.
1814 822 1930 864 Nam'

380 907 471 934 cum
498 895 672 949 praesul
699 904 949 938 memoratae
980 898 1158 939 civitatis
1197 897 1380 950 obiisset,
1422 899 1558 939 iussus
1596 906 1654 940 est
1683 899 1872 956 populus
1900 912 1930 942 a

377 971 571 1027 principe
601 973 778 1014 civitatis
807 974 1049 1015 triduanum
1070 989 1192 1030 ayere
1212 976 1426 1028 ieiunium,
1457 983 1504 1017 ut
1524 975 1640 1017 Deus
1653 989 1737 1032 *per
1756 974 1931 1032 aliquod

378 1049 544 1103 siqnum
581 1050 826 1101 ostenderet,
870 1052 962 1106 quis
1001 1052 1045 1092 in
1087 1051 1220 1092 locum
1257 1052 1445 1106 defuncti
1472 1053 1685 1094 succedere
1714 1050 1927 1096 debuisset.

378 1124 496 1166 Dum
525 1125 624 1167 baec
641 1135 857 1182 yeruntur,
891 1128 999 1169 dixit
1021 1127 1196 1170 Severus
1221 1128 1457 1171 Vincentiae
1479 1131 1648 1185 coniuqi
1665 1144 1786 1171 suae:
1808 1129 1929 1188 „Zaa

378 1202 477 1243 dam
508 1203 565 1243 ad
595 1203 834 1244 aecclesiam
863 1205 1020 1256 videre,
1056 1207 1149 1260 quis
1180 1205 1301 1248 hodie
1333 1207 1510 1262 eliqatur
1540 1206 1799 1263 episcopus“.
1839 1190 1932 1249 [Cui

376 1279 454 1320 illa
484 1294 576 1320 cum
606 1281 895 1336 indiqnatione
924 1283 1159 1337 respondit:
1192 1282 1338 1336 „Quid
1359 1292 1415 1335 tu,
1445 1285 1602 1339 pannis
1624 1283 1791 1337 obsitus,
1823 1285 1931 1327 inter

376 1356 532 1398 nobiles
565 1365 602 1399 et
628 1366 887 1413 purpuratos
918 1360 1030 1400 viros
1063 1360 1259 1414 quaeris?
1288 1361 1354 1402 vel
1384 1362 1487 1416 quid
1503 1362 1686 1416 pertinet
1705 1362 1762 1402 ad
1780 1369 1818 1403 te
1837 1376 1928 1403 ἠια-

374 1442 597 1488 ynatorum
627 1423 761 1490 super¹
783 1436 970 1491 episcopi
999 1436 1189 1478 electione
1219 1437 1465 1478 consilium?
1494 1438 1644 1480 Utilius
1675 1438 1753 1480 tibi
1782 1444 1852 1490 eet,
1885 1446 1932 1480 ut

376 1525 489 1552 more
519 1511 639 1553 solito
671 1512 802 1553 alicui
829 1514 999 1564 servias,
1032 1514 1142 1554 unde
1171 1513 1276 1555 mihi
1305 1522 1342 1555 et
1361 1513 1480 1567 filiae
1511 1522 1604 1555 tuae
1633 1516 1763 1556 victui
1788 1529 1927 1556 neces-

377 1589 493 1629 saria
523 1589 761 1630 ministrare
792 1589 974 1630 valeas“.
1068 1590 1140 1631 Ad
1171 1591 1269 1632 haec
1291 1591 1383 1632 ille:
1417 1590 1590 1643 „Quid“
1611 1592 1751 1647 inquit
1771 1600 1925 1644 „nocct,

376 1666 415 1706 si
443 1665 659 1706 vadam?“
693 1666 751 1707 At
780 1666 857 1707 illa
888 1665 995 1708 ait‘¹.·
1028 1666 1252 1719 „Utinam,
1292 1668 1393 1710 illuc
1423 1670 1610 1720 veniens,
1644 1669 1927 1725 colaphizatus

376 1742 586 1784 recedas“.
710 1742 789 1784 Ille
820 1752 976 1796 autem,
1009 1745 1134 1786 verba
1163 1746 1307 1786 uxoris
1328 1746 1658 1802 floccipendens,
1691 1747 1749 1787 ad
1778 1747 1928 1788 aeccle·

377 1821 484 1861 siam
524 1822 774 1876 properavit
820 1829 857 1862 et
899 1822 1108 1877 in9ressus
1152 1837 1257 1878 pene
1300 1824 1420 1864 iuxta
1461 1824 1698 1879 principem
1734 1825 1925 1866 constitit.

381 1896 537 1938 Orante
575 1906 712 1938 autem
746 1898 929 1953 populo,
973 1913 1059 1940 ecce
1096 1899 1228 1941 subito
1267 1900 1455 1941 columba
1486 1901 1711 1955 quaedam,
1754 1902 1929 1957 desuper

376 1973 569 2026 volitans,
603 1989 729 2030 super
750 1984 876 2031 caput
895 1977 1043 2031 ipsius,
1078 1978 1233 2018 cunctis
1256 1977 1524 2029 cernentibus,
1558 1979 1751 2019 consedit.
1804 1977 1929 2031 Quod

378 2052 550 2106 quidam
574 2066 658 2107 pro
690 2053 809 2107 si9n0
843 2054 1088 2108 accipientes
1111 2068 1201 2094 eum
1221 2055 1449 2096 sacerdotio
1472 2055 1644 2110 diqnum
1664 2053 1927 2105 iudicabant,-

377 2129 455 2170 alii
483 2143 592 2180 vero,
625 2130 797 2185 indiqne
816 2130 1016 2184 ferentes,
1052 2132 1164 2186 quod
1193 2138 1278 2171 tam
1308 2131 1458 2172 vilibus
1488 2133 1734 2173 vestimentis
1756 2133 1926 2174 indutus

375 2208 482 2248 inter
506 2208 671 2262 primos
703 2208 882 2248 civitatis
913 2215 1022 2248 stare
1050 2209 1414 2263 praesumpsisset,
1448 2223 1538 2249 eum
1567 2208 1789 2261 inhoneste,
1821 2211 1928 2252 sicut

377 2285 415 2325 ei
443 2298 550 2325 uxor
581 2285 740 2325 evenire
772 2274 996 2339 optaverat,
1031 2286 1081 2325 de
1105 2285 1300 2326 aecclesia
1323 2286 1433 2326 exire
1455 2286 1751 2341 compulerunt.
1845 2287 1925 2328 At-

376 2369 464 2402 tera
494 2369 631 2403 autem
661 2361 743 2414 die,
777 2363 822 2402 in
853 2361 1050 2402 aecclesia
1082 2362 1247 2403 latitare
1275 2362 1427 2414 volens,
1461 2363 1582 2404 etiam
1595 2378 1678 2418 per
1697 2364 1926 2406 columbam

373 2439 580 2494 proditus,
614 2438 865 2480 sollicitabat
895 2440 1022 2480 corda
1053 2440 1311 2480 intuentium.
1365 2438 1505 2480 Tertia
1535 2455 1629 2482 vero
1660 2441 1729 2482 die
1758 2456 1850 2482 cum
1879 2443 1925 2483 in

375 2515 571 2556 aecclesia
595 2517 730 2571 positi
759 2515 934 2571 aliquod
963 2516 1127 2570 siynum
1158 2531 1183 2556 a
1212 2516 1305 2557 Deo
1334 2517 1701 2571 praestolarentur,
1733 2517 1817 2570 ille,
1851 2519 1928 2574 qui

373 2607 458 2634 non
488 2594 533 2633 in
552 2592 673 2647 facie
704 2593 776 2634 sed
805 2594 851 2633 in
883 2593 1005 2634 corde
1035 2593 1147 2634 videt
1177 2601 1214 2634 et
1242 2594 1413 2644 iudicat,
1448 2595 1572 2648 quasi
1601 2595 1808 2636 duriciam
1827 2595 1923 2637 illo-

373 2683 468 2711 rum
497 2671 742 2725 increpans,
783 2684 894 2721 eum,
927 2671 1033 2711 sicut
1056 2671 1201 2725 prius,
1232 2685 1310 2726 per
1339 2670 1568 2711 columbam
1598 2672 1826 2714 sacerdotio
1855 2673 1923 2714 di-

371 2761 501 2801 9num
524 2747 675 2802 palam
706 2747 893 2788 omnibus
925 2748 1231 2788 demonstravit.
1274 2746 1400 2788 ‘Tunc
1431 2762 1568 2789 omnes
1589 2765 1674 2790 una
1692 2763 1788 2790 voce
1809 2750 1924 2791 dixe-

373 2831 493 2864 runt:
534 2822 694 2875 „Quem
734 2838 952 2879 possumus
992 2824 1160 2879 eliyere,
1201 2825 1287 2864 nisi
1323 2838 1442 2878 quem
1471 2825 1682 2866 Dominus
1721 2840 1808 2868 ecce
1836 2827 1923 2868 iam

375 2902 498 2941 tercio
538 2900 715 2955 eleyit?“
834 2901 892 2942 Et
930 2900 1290 2956 apprehendentes*
1310 2915 1398 2942 eum
1431 2902 1481 2943 de
1512 2902 1633 2943 turba
1662 2904 1708 2943 in
1740 2904 1920 2946 eminen-

470 3002 495 3021 a.
525 2993 580 3022 Hic
603 3005 658 3022 om.
681 2994 728 3022 cd.
832 2993 860 3022 b.
889 2994 935 3022 est
958 3005 1013 3023 om.
1036 2994 1083 3023 ed.
1188 3002 1212 3022 c.
1242 2994 1414 3032 quaesitans
1437 2995 1504 3023 cod.
1608 2995 1637 3024 d.
1666 2996 1696 3024 et
1717 2995 1764 3025 ed.
