2028 3380
166 342 352 379 755-786

166 1583 350 1619 755—786

378 231 466 274 300
650 243 687 272 S.
710 242 941 273 BONIFA'PII
971 243 1029 273 ΕΤ
1058 243 1193 274 LULLI
1223 242 1470 274 EPISTOLAE
1501 243 1571 273 133.
1594 243 1653 273 134

497 337 611 391 Rogo
642 340 698 392 te,
731 350 755 380 o
786 337 1080 381 dilectissimae
1109 338 1261 393 frater,
1295 326 1403 381 sicut
1433 339 1615 395 optimae
1643 339 1688 382 in
1718 341 1760 382 te
1789 338 1926 394 credo,

378 419 425 458 ut
453 428 537 457 non
567 414 773 458 inmemor
804 415 882 470 sis,
923 415 996 458 sed
1027 429 1191 472 semper
1222 416 1491 470 sagacissima
1519 419 1659 459 mente
1689 415 1743 460 ad
1772 428 1927 460 memo-

377 492 483 535 riam
515 492 689 535 reducas
722 492 934 548 antiquam
968 492 1219 535 amicitiam⁰
1250 496 1457 546 nostram,
1498 493 1568 548 qui
1608 493 1719 536 inter
1746 505 1824 536 nos
1853 492 1927 536 ha-

377 569 541 612 buimus
579 569 622 611 in
654 567 889 613 Maldubia¹
926 569 1114 624 civitate,
1154 570 1318 625 quando
1349 570 1466 613 Eaba
1505 570 1632 614 abbas
1668 571 1714 613 in
1750 569 1928 614 amabile

377 646 550 689 caritate
579 647 756 690 nutrivit
785 650 838 690 te.
885 646 942 689 Et
971 647 1048 690 hoc
1080 647 1244 702 signum
1276 647 1484 702 recordor,
1517 647 1625 703 quod
1655 660 1732 704 pro
1759 647 1928 691 nomine

377 724 540 767 vocavit
577 727 618 767 te
648 722 808 781 Lytel².
871 723 1026 767 Idcirco
1068 724 1222 768 salutat
1251 728 1293 768 te
1325 721 1508 767 Hereca⁸
1541 724 1668 768 abbas
1698 725 1743 768 in
1774 724 1928 768 saluta-

376 801 488 844 tione
520 805 664 845 sancta
694 805 735 845 et
765 802 900 845 omnis
930 802 1137 856 regimen,
1170 802 1241 857 qui
1270 802 1313 844 in
1347 815 1421 844 suo
1453 801 1693 845 caenubiale
1722 801 1818 846 vita'
1838 815 1927 846 mae-

375 883 494 932 neat3
528 879 627 935 quia
658 879 803 934 dignos
835 892 909 921 nos
940 879 983 921 in
1015 879 1259 922 memoriam
1289 879 1471 922 habuisti
1491 883 1642 923 tecum.
1689 878 1768 931 Qui
1789 883 1927 924 autem

377 957 708 1013 perseveraverit
737 957 781 998 in
811 969 914 1013 pace
945 969 1075 1011 usque
1107 957 1150 998 in
1182 955 1331 1012 finem,
1372 957 1439 999 hic
1479 956 1618 1000 salvus
1650 955 1765 1000 erit‘.
1823 956 1928 1001 Vale

378 1034 577 1077 amabiles
607 1033 783 1077 feliciter
814 1034 856 1075 in
889 1047 1029 1087 evum3
1063 1047 1179 1076 meus
1211 1033 1399 1089 dilectus,
1431 1034 1521 1077 Deo
1543 1034 1708 1089 electus,
1741 1034 1840 1090 quia
1858 1047 1927 1078 ca-

377 1112 480 1155 ritas
511 1112 724 1168 praecium
752 1124 833 1153 non
855 1110 991 1154 habet.
1102 1111 1191 1154 Hoc
1213 1111 1400 1166 signum*
1422 1111 1582 1155 Hereca
1602 1111 1794 1155 abbatem
1813 1112 1924 1156 fecit.

382 1255 493 1301 134.
527 1253 770 1298 Gutberctue
811 1254 938 1296 abbas
973 1254 1306 1297 Wiremuthensis
1345 1263 1383 1297 et
1415 1253 1643 1298 Girweneis
1674 1255 1800 1298 Lullo
1837 1257 1925 1312 epi-

522 1347 646 1388 scopo
669 1333 718 1373 de
738 1332 974 1374 «muneribus
993 1334 1156 1388 qratia&
1178 1334 1277 1388 ayit.
1310 1333 1443 1375 Mittit
1456 1333 1600 1375 Bedae
1619 1334 1726 1375 vitas
1750 1332 1796 1376 S.
1815 1331 1924 1375 Cad-

524 1410 661 1451 bercti.
711 1410 846 1451 Addit
881 1411 931 1451 de
961 1409 1157 1451 Huncini
1179 1410 1435 1465 presbytero.
1485 1410 1644 1466 Roqat,
1683 1412 1926 1454 vitrearium

524 1495 561 1529 et
592 1487 848 1529 citharistam
878 1487 961 1528 sibi
987 1488 1160 1529 mittat&
1391 1485 1436 1538 (S
1460 1487 1529 1541 89,
1560 1485 1612 1530 W
1638 1488 1733 1541 124,
1765 1485 1801 1530 G
1826 1487 1924 1540 114)

494 1575 888 1618 Desiderantissimo
929 1578 970 1618 et
1005 1575 1251 1618 suavissimo
1282 1575 1326 1618 in
1358 1575 1513 1618 Christi
1544 1575 1763 1619 dilectione
1793 1576 1925 1620 amico

375 1652 497 1696 Lullo
530 1653 724 1709 episcopo
757 1655 798 1696 et
829 1653 1012 1695 omnium
1042 1653 1275 1696 antistitum
1297 1653 1512 1695 carissimo
1535 1651 1769 1708 Gutberct⁵,
1802 1654 1925 1696 disci-

374 1730 497 1787 pulus
528 1730 643 1773 Beda
673 1730 907 1787 presbiteri,
940 1730 1129 1773 salutem.

493 1807 719 1850 Gratanter
760 1808 926 1863 quidem
957 1807 1204 1850 munuscula
1234 1810 1330 1850 tuae
1362 1808 1549 1850 caritatis
1581 1808 1766 1864 suscepi3
1806 1810 1848 1851 et
1877 1821 1924 1850 eo

376 1886 631 1940 gratantius,
674 1898 754 1939 quo
794 1888 835 1927 te
872 1885 974 1928 haec
1011 1885 1158 1928 intimo
1197 1885 1431 1928 devocionis
1470 1884 1618 1928 affectu
1655 1886 1821 1928 mittere
1855 1898 1925 1928 co-

377 1963 516 2017 gnovi.
608 1962 654 2004 Id
686 1965 760 2016 est,
795 1962 1038 2023 olosericam
1070 1962 1122 2004 ad
1152 1962 1349 2017 reliquias
1373 1963 1519 2006 beatae
1541 1963 1766 2006 memoriae
1786 1961 1926 2005 Baeda

378 2039 570 2094 magistri
609 2039 740 2081 nostri
780 2039 830 2082 ob
869 2040 1198 2082 recordationem
1239 2043 1281 2082 et
1317 2039 1429 2083 illius
1460 2040 1768 2083 venerationem
1799 2039 1926 2083 desti-

377 2117 501 2160 nasti.
549 2116 606 2159 Et
634 2120 795 2159 rectum
827 2116 993 2170 quidem
1024 2117 1126 2159 mihi
1156 2117 1333 2171 videtur,
1364 2121 1411 2160 ut
1443 2121 1531 2160 tota
1561 2131 1661 2172 gens
1692 2117 1925 2171 Anglorum

378 2195 420 2237 in
454 2193 644 2237 omnibus
676 2193 915 2249 provinciis,
947 2194 1195 2249 ubicumque
1226 2195 1410 2250 repperti
1432 2197 1540 2248 sunt,
1572 2194 1728 2248 gratias
1750 2194 1839 2237 Deo
1859 2207 1924 2236 re-

377 2272 535 2324 ferant,
570 2271 667 2326 quia
697 2274 783 2312 tam
814 2269 1045 2313 mirabilem
1079 2271 1228 2326 virum,
1260 2271 1494 2326 praeditum
1525 2271 1567 2313 in
1600 2271 1774 2314 diversis
1805 2271 1923 2314 donis

378 2352 547 2403 tamque
579 2347 632 2390 ad
663 2347 894 2390 exercenda
925 2347 1032 2389 dona
1063 2348 1293 2390 studiosum
1325 2347 1597 2404 similiterque
1627 2348 1669 2390 in
1699 2348 1815 2392 bonis
1836 2362 1923 2392 mo-

378 2426 493 2469 ribus
525 2425 747 2478 viventem,
779 2424 892 2467 Deus
922 2424 1005 2466 illis
1036 2425 1079 2466 in
1112 2438 1186 2467 sua
1216 2425 1383 2468 natione
1404 2425 1584 2468 donavit.
1632 2425 1737 2476 Quia
1755 2439 1831 2482 per
1852 2440 1923 2469 ex-

378 2503 679 2559 perimentum,
721 2501 772 2544 ad
804 2501 929 2557 pedes
962 2501 1049 2543 eius
1080 2502 1282 2556 nutritus,
1323 2502 1419 2556 hoc,
1460 2503 1568 2557 quod
1598 2516 1744 2557 narr0,
1783 2503 1920 2546 didici.

381 2579 663 2634 Similiterque
693 2579 883 2621 mihimet
911 2578 993 2634 ipsi
1023 2579 1328 2634 coopertorium
1360 2579 1584 2634 variatum,
1618 2580 1670 2622 ad
1699 2580 1921 2634 tegendum

475 2684 501 2703 a.
531 2674 685 2703 amititiam
704 2674 738 2702 V.
821 2673 850 2702 b.
878 2676 993 2714 signum
1016 2685 1071 2702 non
1094 2679 1137 2703 est
1159 2675 1187 2702 in
1207 2673 1274 2702 cod.
1359 2682 1383 2702 c.
1412 2686 1448 2702 ex
1467 2674 1667 2705 V57—57v.
1695 2676 1764 2706 Sine
1778 2676 1921 2704 lemmate.

475 2739 506 2772 1.
539 2735 794 2782 Malmesbury.
901 2738 933 2772 2.
967 2736 1297 2781 Anglosaxonicum
1324 2736 1466 2782 „lytel“
1493 2738 1590 2772 valet
1613 2737 1707 2773 idem
1733 2738 1828 2783 quod
1853 2739 1920 2773 La-

379 2797 494 2832 tinum
515 2806 676 2842 „parvus
687 2795 716 2831 “.
829 2796 861 2831 3.
894 2796 1035 2831 Hereca
1059 2795 1172 2831 abbas
1202 2795 1336 2830 testis
1370 2798 1520 2841 apparet
1543 2797 1580 2831 in
1605 2796 1802 2842 Cynewulfi
1826 2798 1922 2843 regis

380 2856 662 2891 Westsaxonum
686 2853 826 2900 tabula,
851 2854 1069 2891 monasterio
1094 2854 1332 2890 Maldubiensi
1356 2854 1441 2889 data
1466 2866 1559 2890 anno
1585 2855 1669 2901 758,
1695 2866 1751 2900 ap.
1770 2856 1921 2892 Kemble

382 2913 469 2949 Cod.
503 2913 587 2958 dipl.
620 2914 699 2949 aevi
731 2913 899 2949 Saxonici
929 2914 946 2948 I
972 2914 1051 2949 125.
1176 2914 1209 2948 4.
1242 2912 1295 2949 Οἱ.
1328 2913 1454 2949 Matth.
1481 2915 1536 2959 10,
1559 2915 1615 2950 22.
1741 2916 1774 2950 5.
1807 2915 1920 2951 abbas

381 2971 417 3007 S.
436 2972 533 3007 Petri
552 2972 853 3008 Wiremuthensis
877 2975 914 3008 et
938 2971 974 3008 S.
991 2973 1093 3008 Pauli
1118 2971 1325 3008 Girwensis
