2028 3380
429 199 464 230 s.
487 198 725 230 Romamn
753 200 813 230 ΕΤ
843 200 982 231 LULLI
1011 200 1263 231 EPISTOLAE
1295 201 1353 230 111
1590 189 1677 232 273

103 307 266 351 semper
301 294 575 337 essentialiter
613 303 683 337 est.
747 293 879 345 Quid=
911 298 976 338 est
1015 296 1127 338 enim
1165 295 1289 338 huius
1320 294 1470 338 mundi
1499 294 1679 349 fugitiva
1705 299 1893 336 755—757

102 370 282 414 felicitas
313 373 356 414 et
385 370 544 414 caduca
573 371 834 427 prosperitas
866 372 951 414 nisi
982 385 1116 428 vapor
1147 375 1190 415 ct
1219 372 1387 415 fumus?
1427 371 1543 416 Inter
1571 375 1679 416 tem-

102 446 291 504 poralem
322 447 673 504 prosperitatemb
706 451 750 491 et
780 451 998 491 aeternam
1028 448 1274 493 felicitatem
1303 449 1485 493 multum
1506 450 1678 505 distare,

103 525 196 580 quis
226 525 461 581 peritorum
491 525 687 580 ignorat?
718 524 944 569 Discamus
973 526 1102 581 igitur
1123 526 1203 570 hac
1223 527 1447 584 temporali
1468 530 1680 584 potestate

101 601 187 644 frui
216 605 359 659 preter
391 605 580 646 eternam
611 602 880 658 felicitatem,
921 606 964 647 et
992 604 1038 646 in
1069 604 1188 647 cuius
1220 605 1524 661 conparatione
1554 604 1679 648 nobis

103 679 246 722 omnia
274 679 492 724 vilescant.

221 756 485 801 Vestimenta
514 757 727 814 preciosa,
760 757 945 801 caballos
975 758 1088 802 farre
1120 762 1286 816 pastos,
1321 759 1570 815 accipitres⁰
1602 758 1682 802 fal-

102 847 311 890 conesque
341 848 438 879 cum
468 836 607 879 curvis
639 835 864 890 unguibuS,
895 835 1101 880 latrantes
1123 850 1263 891 canes,
1296 836 1563 880 scurrarumd
1585 836 1682 880 bac-

103 911 339 968 chationes,
379 913 462 957 cibi
502 916 709 970 potusque
741 914 977 970 exquisitae
1009 913 1245 957 dulcedinis
1278 927 1475 971 sapores,
1519 914 1683 969 argenti

105 990 278 1046 aurique
308 990 536 1034 rutulantis
566 992 757 1049 pondera
789 995 1064 1049 spargantur3
1098 995 1145 1034 ut
1166 992 1222 1035 sit
1242 991 1382 1035 mollis
1405 991 1557 1035 culcite
1579 1005 1684 1048 pau-

105 1068 226 1111 satio.
347 1067 575 1124 Molliaque
615 1069 839 1113 cervicalia
877 1084 902 1113 a
938 1069 1042 1113 viris
1082 1069 1224 1126 potius
1264 1069 1514 1113 exibeantur
1555 1082 1681 1125 quam

105 1159 132 1188 a
160 1144 365 1190 flammeis
397 1146 562 1203 puellis.
684 1147 798 1192 Ante
830 1148 973 1191 omnia
1003 1148 1172 1191 incauta
1191 1147 1460 1191 familiaritas
1482 1150 1681 1190 extrane—

106 1236 227 1267 arum
262 1222 542 1268 feminarum¹
572 1225 833 1279 abscidatur3
877 1226 976 1281 quia
1014 1239 1114 1282 sepe
1146 1225 1386 1268 seducimur
1417 1225 1589 1268 incauta
1621 1238 1686 1268 se-

105 1301 283 1345 curitate
314 1302 458 1359 peius,
498 1316 625 1358 quam
657 1307 805 1360 aperta
835 1304 1127 1361 temptatione.
1253 1302 1576 1346 Tumultuosam
1607 1302 1687 1344 mi-

104 1379 335 1423 nistrorum
374 1379 691 1425 multitudinem
722 1381 977 1425 clandistina
1008 1381 1247 1424 divinarum
1270 1380 1577 1437 scripturarum
1601 1379 1687 1424 elo-

106 1457 206 1514 quia
237 1457 464 1515 expellant.
514 1458 621 1510 Quia
651 1458 726 1502 illa
755 1459 880 1503 fovea
911 1460 1026 1502 omni
1058 1458 1251 1502 custodia
1281 1458 1469 1501 cavenda
1502 1461 1578 1513 est,
1612 1471 1688 1514 per

107 1548 234 1592 quam
279 1535 485 1592 plurimos
529 1536 763 1580 miserabili
804 1537 928 1580 ruina
967 1537 1250 1593 conspicimus
1290 1536 1512 1579 corruisse.
1576 1534 1686 1578 Nam

106 1625 206 1669 sepe
243 1613 441 1656 robustus
479 1613 602 1657 miles
640 1614 919 1658 infestissima
949 1614 1133 1658 telorum
1164 1612 1420 1657 iaculatione
1452 1626 1500 1657 eo
1533 1613 1685 1656 fortius

105 1690 379 1747 inpugnatur,
412 1704 493 1747 quo
524 1692 706 1750 invictus
739 1692 920 1736 videtur.
1044 1691 1244 1743 Quamvis
1277 1690 1356 1734 hoc
1387 1691 1518 1734 inisse
1550 1694 1592 1734 te
1613 1704 1687 1734 ne-

106 1769 268 1824 gotium
315 1768 475 1824 liquido
521 1770 713 1813 noverim
762 1770 979 1813 occasione
1022 1768 1323 1812 lucrandarum
1365 1768 1604 1811 animarum
1648 1771 1690 1811 et

106 1859 184 1903 pro
224 1846 362 1890 studio
401 1847 677 1904 multiplicius
718 1848 929 1891 serviendi
968 1847 1080 1902 Deo,
1129 1849 1272 1890 tamen
1311 1849 1547 1889 memento:
1589 1845 1690 1902 quia

106 1923 276 1967 mollem
308 1937 482 1967 manum
514 1924 644 1968 durus
685 1925 860 1982 capulus
900 1927 1137 1981 exasperat.
1262 1923 1553 1981 Quapropter,
1593 1936 1690 1967 care

107 2001 267 2057 collega
296 2002 383 2045 iam
413 2002 585 2058 dudum,
619 2006 661 2046 et
692 2017 805 2046 nunc
836 2004 905 2059 pie
937 2006 1174 2060 preceptor,
1207 2005 1253 2045 in
1276 2003 1467 2046 omnibus
1491 2002 1687 2059 operibus

108 2082 190 2123 tuis»
219 2095 452 2123 ‘memorare
481 2083 711 2124 novissima
743 2090 838 2134 tua,
872 2090 911 2124 et
939 2084 986 2124 in
1018 2089 1232 2124 aeternum
1262 2096 1348 2124 non
1372 2080 1570 2137 peccabis
1581 2076 1608 2121 ².

226 2156 459 2201 Festinatio
501 2161 643 2201 autem
683 2158 737 2201 ad
774 2161 817 2201 te
856 2158 1054 2202 veniendi
1092 2161 1267 2214 propter
1298 2157 1578 2214 multiplicem
1608 2157 1685 2199 tri-

107 2233 379 2290 bulationem,
412 2249 538 2291 quam
568 2235 723 2290 iugiter
743 2235 833 2278 Deo
865 2236 1024 2291 gratias
1056 2236 1328 2290 sustinemus,
1360 2234 1466 2277 mihi
1495 2233 1682 2290 undique

109 2312 317 2367 denegata
356 2316 431 2356 est.
556 2313 693 2356 Huius
731 2314 918 2356 muneris
958 2313 1295 2368 magnitudinem
1334 2312 1422 2355 noli
1453 2311 1686 2367 intendere,

108 2390 183 2433 sed
213 2390 409 2433 devotam
440 2394 626 2433 mentem
659 2391 880 2445 dirigentis
912 2392 1090 2434 intuere.

228 2467 416 2522 Antique
445 2467 746 2511 familiaritatis
778 2467 933 2511 fiducia
961 2469 1117 2523 fretUS,
1158 2468 1262 2511 libet
1292 2467 1417 2509 mihi:
1459 2466 1538 2510 hac
1570 2467 1686 2523 aepi-

109 2544 319 2588 stiuncula
363 2545 575 2600 quandam
622 2546 895 2600 sententiam,
942 2546 1184 2601 frequenter
1228 2544 1340 2601 apud
1379 2557 1457 2587 nos
1497 2543 1686 2587 habitam

110 2622 278 2678 quando
323 2622 502 2679 limpida
547 2622 659 2665 dicta
704 2623 785 2666 Dei
830 2623 1131 2666 communiter²
1170 2621 1453 2676 rimabamur,
1501 2621 1687 2665 breviter

110 2702 304 2755 tangere3
344 2713 612 2755 nequaquam
649 2702 791 2743 tamen
823 2699 876 2742 ad
907 2703 1005 2743 tuae
1039 2712 1170 2756 purae
1201 2698 1427 2754 relegionis
1459 2711 1684 2755 personam

207 2826 235 2848 a.
267 2817 326 2855 Qui
351 2819 387 2849 V.
504 2817 533 2847 b.
565 2818 817 2857 prossperitatem
842 2819 878 2849 V.
996 2826 1022 2847 c.
1054 2817 1218 2855 accipitros
1244 2817 1279 2847 V.
1391 2816 1421 2847 d.
1455 2825 1622 2847 scarrarum
1648 2818 1685 2848 V.

111 2881 138 2901 c.
166 2871 364 2901 commoniter
388 2872 423 2902 V.

208 2942 240 2976 1.
274 2939 329 2976 Cf.
356 2939 521 2976 Gratiani
546 2940 679 2977 decr.I
703 2941 749 2976 D.
768 2941 813 2976 81
840 2950 871 2976 c.
890 2941 947 2976 27.
1069 2941 1103 2975 2.
1136 2939 1249 2975 Eccli.
1268 2940 1301 2985 7,
1318 2939 1378 2975 40.

169 3004 275 3037 Jnu‘.
299 3007 490 3035 Bibliotheca
511 3007 564 3034 111.
1352 3005 1397 3040 18
